2452 3862
386 172 495 229 LXVII.
521 171 661 228 Gulielmo
672 170 808 228 .Sirletto.
1037 174 1099 236 141

88 337 162 401 roni
191 340 223 400 et
248 333 387 401 Cornelii
416 332 454 398 de
481 334 600 400 uiatico
628 334 709 399 mihi
740 332 944 418 impetrando
977 357 1102 400 summa

89 424 255 489 contentio
293 423 468 509 quidquam
500 422 688 508 profecerit,
725 445 825 507 aeque
861 426 970 488 tamen
1006 423 1102 488 uobis

88 514 240 578 omnibus
264 513 380 596 debeo,
406 511 494 576 acsi
517 511 708 595 profecisset
730 511 915 596 plurimum.
943 516 992 576 est
1015 512 1102 576 enim

87 602 187 666 animi
211 593 390 666 liberaliter
411 599 555 665 instituti
583 605 729 684 spectare
756 600 958 665 uoluntatem
981 601 1015 665 in
1037 601 1101 684 pri-

87 691 158 775 miS,
181 690 314 754 minime
338 689 468 774 quidem
491 712 560 753 rem
578 692 791 772 contemnere,
813 688 975 772 potiorem
992 694 1101 755 tamen
1128 715 1142 754 ⁵

86 779 159 862 ipsa
182 801 216 843 re
240 779 442 844 uoluntatem
465 778 587 842 ducere.
625 799 701 843 sane
724 777 841 862 optimi
863 776 1030 843 Pontifiois
1049 800 1102 842 an-

86 867 213 953 gustias
240 872 424 951 temporum
448 865 620 931 difficultas
643 871 788 932 excusat:
810 870 1033 932 uerumtamen
1055 866 1102 930 in-

86 956 290 1041 grauescenti
317 955 482 1021 hominem
507 959 614 1020 aetate
640 977 708 1020 non
740 955 845 1020 solum
873 955 1013 1039 infirma,
1045 956 1101 1020 sed

86 1044 185 1109 etiam
217 1067 313 1131 aegra
344 1043 542 1129 ualetudine,
573 1044 768 1129 imparatum
800 1066 819 1107 a
849 1064 884 1109 re
917 1044 1100 1130 domestica,

84 1156 159 1198 cum
182 1132 250 1197 filia
271 1133 377 1198 nubili
405 1133 448 1197 ab
477 1134 558 1197 urbe
580 1133 699 1216 Roma,
727 1133 817 1197 cuius
845 1154 963 1197 nomen
991 1134 1098 1197 omnia
1113 1159 1140 1197 10

85 1222 272 1307 pollicetur,
300 1227 376 1306 post
404 1222 514 1286 decem
536 1243 694 1285 annorum
720 1221 849 1286 labores
873 1220 939 1284 suis
962 1222 1100 1303 sumpti-

85 1312 148 1374 bus
176 1311 211 1374 in
240 1311 378 1393 patriam
405 1309 510 1372 redire
542 1309 583 1373 iis
615 1309 766 1394 fortasse,
799 1309 855 1392 qui
885 1307 966 1371 haec
995 1308 1100 1373 solent

85 1397 351 1480 animaduertere,
364 1396 610 1461 admirationem
623 1397 765 1480 aliquam
778 1396 892 1480 pariet.
932 1395 978 1461 Et
992 1418 1102 1480 quam-¹

87 1508 185 1569 quam
208 1508 260 1570 ea,
289 1507 370 1569 quae
398 1484 494 1549 bonis
516 1484 643 1550 artibus
666 1484 838 1567 debentur,
869 1484 953 1549 ratio
976 1489 1099 1569 tempo-

85 1597 158 1638 rum
186 1573 356 1657 impediat,
385 1578 423 1637 ut
455 1573 553 1638 etiam
583 1573 885 1638 liberalissimorum
911 1572 1101 1657 Principum
1115 1597 1141 1637 15

85 1663 238 1728 uoluntas
269 1663 305 1727 in
336 1661 461 1747 optimo
494 1663 577 1726 bene
609 1661 752 1727 merendi
784 1684 879 1728 cursu
910 1663 1100 1746 retardetur,

84 1774 135 1816 me
159 1756 269 1816 tamen
291 1773 311 1816 a
333 1750 452 1816 litteris
477 1750 567 1815 nulla
589 1773 641 1815 res
663 1751 820 1834 abducet,
847 1751 874 1815 si
897 1751 994 1816 modo
1017 1773 1100 1816 asse-

84 1840 139 1923 qui
164 1840 267 1906 otium
289 1839 411 1905 licebit.
458 1839 537 1904 satis
563 1861 637 1904 cum
664 1839 764 1926 uulgo
791 1839 1005 1905 insaniuimus
1035 1863 1099 1906 am-

84 1930 185 2014 bigua
204 1929 309 2013 certis,
331 1928 521 1993 turbulenta
539 1928 733 2015 tranquillis,
751 1928 859 1994 inania
878 1929 989 1994 solidis
1007 1952 1098 2013 prae-

84 2017 232 2080 ferentes.
278 2021 367 2080 aetas
394 2020 427 2079 et
453 2016 622 2099 praeteriti
649 2017 773 2082 iactura
805 2018 963 2102 temporis
990 2019 1136 2084 admo-20

83 2108 150 2188 net,
173 2108 210 2167 ut
232 2104 456 2188 resipiscamus
473 2104 623 2188 quodque
641 2105 802 2188 reliquum
820 2109 869 2169 est
892 2106 989 2190 uitae,
1011 2106 1098 2171 uiua-

84 2214 157 2255 mus
183 2191 281 2256 nobis
307 2191 403 2275 ipsis,
430 2191 526 2256 bonis
553 2192 693 2274 artibus,
718 2192 789 2257 Deo
817 2193 1032 2275 potissimum.
1078 2217 1097 2258 a

84 2302 148 2364 quo
173 2302 251 2365 uno,
278 2279 306 2344 si
334 2279 413 2364 quid
440 2284 497 2344 aut
523 2279 646 2366 ingenii
674 2284 730 2345 aut
757 2280 920 2344 doctrinae
944 2281 979 2344 in
1000 2281 1097 2345 nobis

83 2374 141 2454 est,
165 2392 239 2433 cum
253 2367 480 2453 acceperimus,
499 2368 540 2432 ad
558 2368 699 2434 eiusdem
717 2368 813 2433 unius
830 2368 969 2454 gloriam
988 2391 1098 2434 omnes

82 2459 205 2544 ingenii
230 2458 458 2543 doctrinaeque
481 2458 606 2522 fructus
628 2458 747 2522 referre
769 2457 805 2522 in
822 2457 938 2542 primis
960 2480 1098 2543 aequum
1110 2482 1137 2523 25

82 2552 138 2610 est.
184 2547 265 2611 Vale
289 2550 322 2612 et
344 2547 407 2612 tibi
430 2547 588 2630 persuade
605 2545 767 2612 neminem
785 2568 854 2613 esse
873 2546 926 2612 uel
944 2570 1097 2632 umquam

82 2636 160 2720 fore,
185 2636 239 2718 qui
263 2640 353 2700 tuam
376 2640 595 2719 praestantem
617 2635 773 2701 uirtutem
796 2641 852 2701 aut
879 2636 984 2723 magis
1010 2642 1096 2701 amet

83 2728 139 2786 aut
158 2723 313 2788 libentius
336 2723 508 2806 praedicet.
546 2723 747 2790 Gardinalem
766 2725 923 2808 Garafam,
945 2725 1095 2789 iuuenem

81 2815 195 2874 natum
227 2812 267 2874 ad
299 2811 514 2876 immortalem
545 2812 697 2898 gloriam,
729 2813 914 2896 exemplum
943 2812 1095 2895 antiquae

82 2900 268 2983 probitatis,
292 2899 383 2965 cuius
405 2899 609 2986 humanitati,
633 2923 696 2984 qua
718 2923 770 2964 me
789 2922 917 2983 semper
940 2903 989 2963 est
1012 2921 1094 2963 com·
1108 2923 1135 2963 eo

82 2988 211 3073 plexus,
243 2990 361 3053 debere
391 3009 442 3052 me
471 2987 648 3072 plurimum
675 2988 792 3072 fateor,
823 2988 886 3051 nisi
914 3009 1013 3073 graue
1037 2992 1095 3071 est,

81 3100 153 3142 meo
168 3078 299 3144 nomine
314 3076 480 3142 salutabis.
502 3074 572 3142 VH.
591 3076 662 3140 Kal.
682 3074 915 3141 OctMDLXX
934 3075 1094 3163 [Romae]

482 3379 695 3389 ——-———
