2452 3862
331 176 481 234 XXXVIII.
510 177 645 234 Michaeli
662 178 808 234 Turriano.
1032 179 1072 244 81

62 341 242 406 uideantur.
286 340 409 406 Verum
438 341 517 405 haec
545 341 624 407 satis
652 346 708 407 aut
735 341 833 406 etiam
854 340 991 408 nimium
1013 341 1076 407 for-

61 433 150 494 tasse
173 429 283 493 multe.
327 429 418 495 Vale.
464 427 610 495 Venetiis
635 429 808 515 [unam.

462 699 675 708 ι------

480 916 656 988 XXXVIII.

82 1081 240 1146 Illustri
265 1080 406 1146 Comiti
428 1080 611 1147 Michaeli
635 1082 822 1147 Turriano
847 1081 1051 1149 cenetensi

300 1185 496 1272 Episcopo
521 1187 700 1253 Genetam
723 1198 834 1268 (IV,1).
1101 1209 1113 1251 5

151 1325 296 1380 Manutius
314 1341 409 1380 mense
428 1325 581 1382 Februario
601 1326 668 1381 anni
689 1331 756 1380 1659
779 1327 862 1397 graui
879 1327 1004 1396 periculo
1022 1329 1074 1382 Im·

60 1396 176 1466 plicitus
204 1398 273 1451 erat.
309 1395 438 1450 Criminis
465 1396 577 1451 conficti
600 1413 677 1459 reus,
709 1412 744 1451 ne
768 1397 798 1449 in
821 1395 936 1451 uincula
959 1397 1074 1467 publica

63 1466 249 1534 coniceretur,
277 1468 396 1537 primum
422 1466 549 1521 Venetiis
577 1466 714 1522 coenobio
743 1466 864 1535 quodam
888 1485 918 1522 se
942 1469 1072 1534 occuluit,

61 1541 124 1591 tum
141 1537 291 1592 Patauium
310 1536 445 1605 confugit.
483 1536 535 1591 Cui
550 1554 726 1606 ¹quamquam
739 1535 864 1591 criminis
878 1537 1008 1592 absoluto
1023 1543 1074 1593 aut

61 1608 163 1663 saltem
180 1608 302 1678 pecunia
319 1607 440 1661 multato
463 1607 563 1676 paucis
587 1607 730 1662 mensibus
753 1609 820 1676 post
841 1609 872 1660 In
889 1607 1012 1677 patriam
1030 1626 1071 1664 re·
1086 1625 1112 1664 ιο

60 1679 137 1732 dItus
163 1679 270 1747 patuit,
295 1681 390 1733 tamen
414 1678 491 1732 haud
514 1678 578 1732 leue
602 1678 779 1733 fortunarum
805 1694 917 1732 suarum
940 1681 1071 1734 damnum

59 1749 188 1818 queritur
206 1766 235 1803 se
255 1750 404 1818 accepisse.
442 1747 498 1802 Sed
516 1747 659 1816 Turriani,
687 1748 736 1816 qui
758 1747 816 1802 iam
839 1765 885 1804 sex
905 1749 986 1804 annis
1006 1753 1072 1805 ante

59 1820 133 1875 donc
167 1821 350 1874 ducentorum
383 1834 558 1872 nummorum
586 1835 731 1873 aureorum
762 1835 830 1889 opes
857 1819 918 1875 eius
944 1820 1071 1888 fulserat,

57 1889 231 1946 liberalitate
250 1889 277 1944 ei
300 1889 414 1944 uidetur
433 1889 598 1960 contigisse,
625 1892 658 1943 ut
681 1906 744 1944 eam
766 1889 904 1945 iacturam
924 1890 1020 1960 aliqua
1039 1909 1072 1946 ex

57 1963 139 2030 parte
157 1959 314 2016 resarciret.
1086 1992 1111 2034 ,ὅ

146 2084 302 2174 Angebat
325 2085 423 2149 animi
446 2106 506 2149 nec
528 2085 598 2148 fieri
623 2085 798 2170 quidquam
820 2108 918 2170 posse
936 2109 988 2151 me
1006 2110 1071 2153 uno

56 2174 209 2239 miserius
239 2174 404 2257 opinabar.
450 2173 497 2237 ita
525 2173 629 2237 multa
657 2173 719 2238 hoc
748 2194 832 2239 anno
861 2179 990 2258 praeter
1020 2197 1071 2239 ex-

57 2262 305 2348 spectationem,
337 2282 470 2345 prorsus
501 2261 634 2325 aduersa
665 2261 746 2327 meis
777 2262 958 2327 rationibus
988 2264 1071 2327 obti-

56 2350 185 2439 gerant:
226 2349 337 2415 fratris
378 2349 519 2433 primum
558 2349 782 2435 amantissimi,
824 2349 937 2414 deinde
977 2350 1071 2415 filioli

57 2438 241 2504 suauissimi
270 2437 434 2521 interitus,
464 2436 574 2502 uxoris
602 2437 748 2524 morbus,
777 2437 964 2504 inualetudo
991 2460 1070 2526 mea,
1084 2467 1111 2508 ao

54 2527 104 2593 rei
134 2526 302 2592 familiaris
330 2525 538 2591 incommoda.
586 2547 683 2609 quam
711 2526 819 2613 facile,
847 2527 937 2592 nullo
967 2548 1070 2611 paene

55 2616 207 2702 strepitu,
229 2635 337 2679 rerum
355 2635 498 2678 mearum
521 2634 695 2679 conuersus
714 2615 791 2680 ordo
811 2617 872 2681 est!
909 2615 948 2680 de
971 2616 1070 2680 fratre

55 2709 90 2770 et
116 2703 185 2768 filio
214 2704 278 2768 iam
301 2703 369 2767 fero
397 2702 605 2785 moderatius,
629 2702 682 2766 uel
706 2703 804 2786 quod,
827 2707 864 2767 ut
888 2704 984 2789 solet,
1006 2725 1070 2767 me·

55 2791 152 2857 detur
175 2792 256 2875 dies,
283 2791 336 2855 uel
360 2791 447 2875 quia,
478 2789 564 2874 quod
590 2793 720 2854 aeterna
747 2789 930 2876 legeDeus
953 2791 1069 2855 consti-

53 2878 136 2965 tuit,
163 2880 197 2944 id
223 2881 381 2965 abrogare
408 2877 492 2942 uelle
519 2899 585 2943 non
608 2879 713 2943 solum
735 2877 928 2963 iniustitiae,
956 2898 1069 2942 uerum
1082 2905 1108 2946 rs

54 2967 155 3034 etiam
177 2967 413 3052 imprudentiae
437 2967 565 3030 uidetur
588 2988 667 3030 sese.
703 2987 785 3031 uxor
807 2965 983 3050 conualuit,
1007 2988 1068 3052 ego

54 3056 136 3130 satis
172 3057 292 3120 firmus.
348 3055 522 3120 domestica
558 3076 635 3120 uero
672 3053 801 3139 damna,
840 3074 921 3138 quae
958 3054 1068 3119 sarciri

52 3247 142 3305 ociter
161 3247 331 3302 adhortante
351 3245 499 3300 consilium
519 3245 650 3327 ceperim.
688 3245 762 3313 quod
781 3243 830 3299 ille
855 3243 879 3297 si
903 3243 1069 3314 cognouerit

52 3319 84 3374 et
112 3318 137 3373 si
162 3335 207 3373 me
231 3317 307 3388 apud
330 3332 394 3370 eum
415 3315 579 3371 testimomo
601 3315 761 3371 litterarum
782 3317 896 3370 tuarum
918 3314 949 3367 in
972 3314 1068 3381 aliqua

51 3389 151 3460 gratia
173 3388 315 3459 posueris,
340 3402 511 3456 magnopere
534 3387 676 3453 laetabor,
702 3385 787 3454 idque
810 3385 835 3440 si
853 3401 871 3438 a
887 3385 917 3437 te
936 3382 1066 3452 Impetro,

52 3464 85 3517 et
104 3459 208 3515 debere
226 3476 271 3514 me
289 3460 341 3512 tua
359 3473 460 3512 caussa
477 3455 630 3527 plurimum
649 3452 807 3512 arbitrabor
825 3456 866 3524 et,
889 3450 940 3508 ubi
957 3467 1002 3506 res
1021 3467 1067 3506 ex·

49 3530 129 3600 igat,
150 3527 357 3585 studiosissime
375 3527 534 3597 praestabo.

107 3629 132 3672 Ρ,
147 3627 249 3670 Manutfl
262 3626 375 3678 epistulae
389 3625 495 3668 selectae.
838 3620 853 3667 6
