2452 3862
388 171 484 228 XLVI.
506 171 636 228 Andreae
656 171 754 229 Siluio.
1037 171 1080 239 95

66 339 123 398 tua
151 334 212 398 etsi
240 333 381 399 delector
409 333 562 420 maxime,
589 338 711 421 tamen,
739 356 795 400 our
818 338 904 417 utar,
932 340 1080 420 nonest,

67 446 140 488 cum
159 421 321 488 officinam
344 422 423 491 satis
441 422 550 506 amplo
570 427 603 487 11
621 422 821 509 pereleganti
839 422 936 487 huius
953 424 1081 508 generis

67 510 161 593 copia
184 512 310 597 magnis
332 511 397 575 iam
421 510 607 595 sumptibus
629 511 845 576 instruxerim.
882 510 945 576 tibi
964 515 1081 595 tamen,

68 598 145 699 quia
172 599 210 664 de
238 601 405 665 commodo
433 621 505 665 meo
532 604 589 665 tua
612 604 729 683 sponte
756 599 844 686 cogit
845 599 963 684 aueris,
995 600 1082 684 quod

66 687 135 751 sine
159 709 283 753 summo
308 711 385 774 erga
407 709 458 752 me
481 710 589 753 amore
611 688 681 753 fieri
704 689 850 772 profecto
872 711 940 754 non
962 689 1121 772 potuita

66 797 168 859 aeque
192 776 308 860 debeo,
335 798 372 841 11
400 777 427 842 si
455 799 523 841 rem
551 777 695 842 omnium
717 777 892 841 maximam
914 798 985 842 meo
1008 799 1082 861 per-

65 865 244 929 necessario
267 870 414 949 tempore
438 865 614 931 detulisses
662 865 797 949 quod
771 889 799 931 s1
822 888 841 929 1
862 887 914 930 me
937 865 1028 949 paria
1046 888 1083 930 ac

65 953 170 1018 multo
194 953 292 1019 etiam
314 953 581 1037 praestantiora
571 976 606 1018 111
629 954 781 1019 omnibus
804 954 916 1040 rebus,
939 975 1019 1038 quas
1042 955 1082 1018 ad

66 1046 141 1104 tuae
164 1041 268 1106 laudis
290 1042 405 1126 tuique
429 1042 587 1108 commodi
611 1047 738 1126 partem
756 1042 897 1127 aliquam
920 1043 1081 1126 pertinere

67 1129 260 1216 intelligam,
288 1130 394 1195 studia
417 1136 450 1195 et
474 1131 581 1196 officia
605 1132 821 1217 exspectabis,
848 1153 1026 1216 numquam
1049 1135 1122 1198 te1o

66 1218 184 1283 fallam.
230 1224 329 1302 atque
351 1219 448 1285 huius
471 1219 601 1304 quidem
622 1223 739 1284 testem
762 1220 913 1303 promissi
936 1225 968 1284 et
992 1220 1082 1303 quasi

67 1305 138 1372 loeo
171 1307 323 1391 foederis,
355 1307 441 1391 quod
472 1330 492 1371 a
522 1329 574 1371 me
607 1307 722 1372 uiolari
754 1329 932 1390 numquam
968 1307 1083 1392 patiar,

67 1395 150 1458 hano
174 1416 242 1458 esse
266 1394 353 1478 apud
375 1400 408 1459 11
432 1395 603 1478 epistolam
626 1395 709 1461 uolo.
748 1395 917 1459 Camillum
940 1395 1083 1459 Palaeot-

67 1488 148 1567 tum,
172 1482 263 1546 ouius
287 1483 496 1547 excellentem
523 1483 757 1547 humanitatem
784 1483 988 1549 coniunctam
1011 1483 1083 1567 pari

66 1571 171 1634 uirtut
157 1575 190 1634 te
208 1593 274 1636 non
291 1571 406 1636 dubito
430 1571 509 1655 quin
532 1571 695 1654 praeclare
717 1571 880 1658 cognitam
898 1572 1083 1653 habeas,t
1051 1577 1083 1636 et
1098 1597 1123 1638 15

68 1680 270 1723 communem
302 1659 453 1745 amioum,
485 1659 619 1746 dignum
645 1660 783 1726 Romulo
811 1665 944 1762 parente
971 1660 1084 1746 filium,

67 1747 266 1831 Pompilium
297 1712 491 1814 Amasaedm
519 1770 607 1850 'rogo
640 1753 673 1813 te
709 1749 829 1815 salutes
861 1748 942 1814 meis
974 1749 1084 1814 uerbis

69 1834 205 1922 diligent
207 1858 248 1904 er.
294 1836 384 1902 Vale.
410 1836 538 1902 Venet'
502 1842 557 1902 tus
580 1836 756 1923 [MDLXI]

523 2259 635 2325 XLVI.

240 2403 413 2470 Andreae
437 2400 561 2467 Siluio
584 2400 770 2466 Venetias
799 2409 862 2480 (VI,
879 2410 912 2476 1).
1099 2428 1124 2466 ao

159 2546 225 2612 Vix
248 2545 367 2631 credas,
389 2544 434 2609 mi
458 2543 553 2626 Silui,
581 2564 797 2628 quamsaepe
825 2543 860 2607 in
883 2509 1008 2629 magnis
1032 2566 1085 2609 oo·
1188 2615 1190 2623 ¹

72 2640 171 2719 oupat
157 2635 339 2700 tionibust
325 2639 441 2734 tangar
460 2632 616 2697 desiderio
635 2632 693 2697 tui.
729 2654 796 2697 non
819 2631 905 2697 enim
927 2637 1002 2697 tuae
1016 2654 1085 2697 sua-

73 2725 141 2787 uita
143 2723 199 2805 tis,
221 2744 287 2786 non
309 2721 445 2811 ingemi,
474 2742 540 2786 non
563 2720 661 2786 etiam
684 2719 850 2804 pudoris
841 2721 987 2806 mgenui,
1021 2742 1085 2803 quo
1181 2802 1184 2806 ἡ

74 2812 177 2875 (111111
163 2806 216 2874 tor
238 2810 273 2873 in
292 2809 422 2909 primis,
450 2809 633 2909 exemplum
656 2808 749 2873 facile
772 2808 908 2892 reperio.
954 2828 1086 2872 moueor

74 2900 172 2965 etiam
195 2897 354 2982 promisso
372 2896 429 2960 illo
448 2901 505 2961 tuo
528 2896 686 2981 interpret
672 2896 805 2961 tationis
819 2895 1024 2978 Horatianae,
1047 2894 1085 2958 de
1100 2920 1126 2961 1

75 3010 138 3072 qua
160 2992 194 3051 11
217 2987 332 3050 absent
318 2990 385 3050 etm
406 2983 568 3050 interdum
585 2987 755 3051 admonere
774 3004 917 3069 possum,
940 3005 1086 3066 praesen-

75 3082 141 3141 tem
171 3074 315 3160 quotidie
338 3072 540 3175 appellarem
568 3095 604 3138 11
632 3072 723 3157 quasi
747 3070 892 3136 conuicio
916 3071 1086 3174 exigerem

76 3165 149 3249 quis
172 3163 267 3249 enim,
291 3162 347 3263 qui
370 3162 409 3227 de
431 3161 538 3245 poetis
556 3161 651 3226 modo
670 3160 810 3225 iudicare
830 3158 951 3260 aliquid
967 3162 1088 3262 possit,

76 3254 132 3316 uni
159 3253 208 3317 int
210 3274 244 3317 er
194 3250 327 3317 ttla
303 3254 389 3316 tmos
416 3272 528 3316 omnes
550 3249 664 3314 Horat
640 3254 686 3314 rto
715 3249 769 3313 uel
796 3248 941 3313 acumine
963 3249 1091 3336 ingenii

76 3341 128 3404 uel
152 3340 384 3406 sententiarum
406 3339 568 3426 grauitate
591 3338 732 3422 palmam
753 3342 856 3402 nont
842 3337 982 3403 tribuit?
1014 3337 1087 3421 quis
1101 3357 1127 3395 ao

76 3428 177 3512 igitur
203 3452 270 3494 non
296 3449 492 3516 magnopere
518 3432 648 3492 tuarum
678 3425 939 3492 lucubrationum
966 3423 1087 3508 eupidi-

76 3520 144 3579 tate
176 3517 282 3601 capiat
268 3517 343 3582 tur?
380 3517 506 3581 dixeras
538 3513 668 3580 uellet
653 3519 686 3580 te
718 3515 838 3598 omnia,
869 3535 966 3598 quae
982 3512 1036 3576 ille
1070 3531 1089 3573 a
