2452 3862
124 113 169 177 42
389 110 493 172 xviia
514 110 559 164 Ad
577 109 725 165 Aliorsum
744 109 881 167 Carsium.

121 276 281 362 linguam,
318 278 355 337 ut
387 273 486 338 etiam
517 271 697 339 necessaria
728 271 884 338 uideatur.
931 271 1021 350 Quae
1060 279 1145 358 sunt,

123 384 204 448 quae
228 379 303 427 uere
327 365 360 425 et
383 361 514 447 proprie
533 361 713 427 necessaria
731 361 888 426 dicimus?
920 361 1080 428 nimirum
1100 385 1143 448 es,

124 452 243 537 quibus
266 470 375 515 carere
395 451 486 516 nullo
510 451 605 516 modo
629 468 809 534 possumus.
854 449 1044 515 huiusmodi
1069 457 1142 517 sunt

123 539 265 625 primurn
295 539 466 623 elementa,
497 539 626 624 deinde,
655 539 775 623 quibus
804 540 923 603 famem
952 539 1141 626 frigoraque

94 649 276 713 sarcemus,
298 627 414 713 uictus,
436 628 640 712 uestimenta,
662 628 757 692 aedes
777 632 898 711 autea,
922 628 1141 712 quibuslicet

122 722 287 801 parantur.
332 720 498 800 praeterea
527 717 562 781 in
584 715 727 801 publicis
750 716 850 780 rebus
870 715 961 803 leges
983 720 1017 781 et
1041 719 1140 805 magi·

123 809 256 892 stratus,
289 805 324 870 in
353 805 492 889 priuatis
523 805 679 870 seueritas
711 808 744 868 et
777 803 956 890 uigilantia.
1008 827 1051 869 ex
1081 807 1139 872 hoc

122 915 256 960 numero
283 893 433 958 Latinam
463 897 549 959 certe
578 915 645 958 non
675 914 745 957 esse
772 890 919 981 linguam
945 893 1041 958 facile
1070 915 1140 960 eon·

123 982 209 1048 cedo.
255 1004 360 1067 neque
384 982 470 1047 enim
493 983 522 1048 is
545 999 607 1069 ego
629 1000 715 1065 sum,
745 981 800 1066 qui
823 981 968 1046 libenter
989 1003 1065 1048 oum
1088 1005 1138 1048 ue·

84 1095 110 1135 ro
123 1072 221 1136 ritate
249 1093 401 1157 pugnem.
454 1071 511 1137 sed
540 1075 669 1155 praeter
697 1071 790 1155 haec,
820 1069 940 1154 quibus
970 1071 1139 1136 hominum

123 1161 193 1225 uita
219 1160 398 1225 sustinetur
421 1164 454 1224 et
476 1159 614 1246 regitur,
645 1180 741 1243 quam
769 1159 873 1223 multa
900 1163 978 1223 sunt
1006 1159 1141 1224 minime

123 1249 315 1335 necessaria,
352 1270 434 1333 quae
471 1252 581 1313 tamen
615 1249 773 1312 habemus
809 1247 844 1312 in
880 1247 1020 1331 deliciis,
1057 1268 1139 1332 quae

123 1361 280 1423 amamus,
310 1359 392 1423 quae
422 1337 521 1403 etiam
550 1336 671 1402 honore
702 1336 951 1420 prosequimur?
995 1357 1140 1422 gemmas

124 1432 156 1491 et
174 1451 252 1493 uasa
270 1427 410 1513 pretiose
430 1427 560 1512 caelata,
584 1426 748 1491 columnas
766 1445 973 1509 marmoreas,
989 1425 1140 1509 laqueata

84 1520 227 1600 retecta,
248 1516 365 1581 sericas
389 1519 509 1600 uestes,
532 1515 664 1579 textiles
685 1513 843 1598 pictrrraa,
872 1517 975 1578 artem
997 1513 1034 1578 in
1057 1515 1140 1579 uoui-

124 1605 187 1668 bus
206 1609 239 1668 et
253 1604 384 1685 fidibus,
402 1603 516 1667 odores
530 1602 565 1666 in
578 1602 763 1688 unguentis
781 1600 988 1667 condimenta
1000 1601 1036 1667 in
1050 1602 1141 1686 cibis,

122 1693 201 1754 haec
224 1695 310 1756 certe
333 1695 430 1774 atque
457 1690 555 1754 huius
582 1690 710 1777 generis
733 1695 898 1774 sexcenta,
926 1710 993 1755 non
1022 1695 1061 1756 ut
1089 1713 1141 1756 ne

122 1778 266 1842 cessitati
288 1782 432 1864 pareret,
458 1778 516 1842 sed>
542 1782 579 1842 ut
602 1778 751 1844 sensibus
773 1779 986 1862 satisfaceret,
1013 1779 1140 1844 inuenit

122 1866 287 1931 industria.
342 1886 422 1950 quae
454 1866 533 1951 quin
561 1867 704 1932 habeant
733 1865 944 1932 iucunditatis
979 1872 1012 1932 et
1049 1889 1140 1933 omer

82 1978 109 2016 20
122 1954 224 2019 menti
247 1954 439 2042 plurimum,
465 1976 560 2020 nemo
588 1960 695 2043 negat.
742 1956 892 2040 quodsi,
920 1974 1002 2040 quae
1026 1977 1140 2022 sensus

122 2044 236 2109 iuuant
259 2050 292 2109 et
314 2044 477 2110 laboriose
505 2044 651 2130 quaesita
678 2049 753 2109 sunt
782 2048 814 2110 et
842 2045 1025 2109 retinentur
1048 2067 1138 2110 accu-

121 2137 200 2217 rate,
224 2138 344 2220 quanto
362 2134 458 2200 nobis
477 2156 523 2219 ea,
547 2154 629 2219 quae
647 2134 790 2198 animum
809 2133 984 2218 oblectant,
1007 2134 1139 2217 potiore

122 2223 241 2289 debent
279 2224 370 2289 esse?
413 2223 559 2311 pascitur
596 2223 723 2287 animus
759 2221 984 2309 magnitudine
1020 2244 1138 2288 rerum.

122 2313 200 2395 quid
222 2312 308 2376 Liuii
330 2311 502 2376 sublimius
521 2311 666 2394 historia,
690 2333 771 2394 quae
796 2310 911 2394 populi
928 2310 968 2374 Rs
986 2310 1140 2376 bellicam

81 2422 108 2461 aa
122 2399 278 2463 uirtutem
310 2399 561 2462 commemorat?
602 2398 764 2483 grauitate
797 2398 1032 2463 sententiarum
1066 2399 1140 2484 quis

123 2485 275 2550 Cicerone
294 2485 494 2570 prudentius,
514 2485 586 2570 quis
606 2485 763 2551 eruditius
782 2487 951 2572 disputat?
974 2487 1140 2575 elegantia

121 2575 296 2639 uerborum
319 2578 352 2638 et
375 2574 470 2658 copia
492 2574 566 2658 quis
584 2575 696 2640 eodem
715 2576 867 2661 ornatior,
891 2576 964 2660 quis
982 2571 1140 2642 uberior?

121 2663 278 2728 uarietate
301 2662 495 2747 scriptorum
519 2663 606 2748 quod
628 2686 731 2751 genus
748 2665 912 2729 Romanae
935 2663 1065 2729 litterae
1089 2665 1142 2729 de-

122 2752 286 2818 siderant?
319 2756 433 2837 poetas
451 2752 574 2817 habent
597 2752 755 2839 egregios,
778 2752 962 2836 historiens,
983 2757 1141 2837 oratores,

80 2863 108 2902 eo
122 2841 336 2926 philosophos
360 2840 459 2905 etiam
482 2841 653 2907 excellenti
676 2841 823 2906 doctrina
845 2841 957 2906 claros.
1003 2861 1089 2925 quac
1112 2841 1142 2907 si

121 2948 198 2994 uera
230 2935 306 2995 sunt
339 2925 420 3018 (sint
452 2950 566 3015 necne,
598 2952 650 2994 res
681 2929 753 3012 ipsa
785 2929 939 3014 declarat,
972 2930 1142 3016 ambigere

121 3038 187 3080 non
215 3017 308 3103 licet)
340 3023 373 3082 et
405 3018 433 3082 si
462 3019 666 3103 uoluptatem
695 3014 850 3082 studiosis
880 3017 996 3082 Latina
1025 3018 1143 3105 lingua

121 3105 208 3187 parit
232 3104 463 3188 incredibilem,
487 3124 620 3190 possum
639 3105 711 3170 istis
729 3106 883 3192 tribuere,
907 3106 995 3191 quod
1012 3107 1142 3172 uolunt.

121 3193 334 3258 necessariam
360 3193 462 3280 uulgo
488 3216 555 3258 non
582 3216 664 3279 esse,
697 3193 773 3258 dum
801 3194 865 3279 ipsi
893 3198 1020 3280 contra,
1055 3196 1145 3280 quod

80 3305 109 3345 aa
123 3281 205 3346 ratio
230 3281 376 3365 postulat
398 3285 496 3365 atque
520 3282 637 3369 exigit,
660 3282 721 3346 hoc
744 3283 825 3347 mihi
848 3283 1011 3369 tribuant,
1034 3305 1145 3350 sman-

124 3371 198 3435 dam
230 3392 298 3434 esse
330 3370 539 3435 uehementer
570 3374 668 3454 atque
701 3373 924 3455 expetendam.
973 3371 1032 3437 sed
1063 3374 1145 3438 haec

123 3460 163 3522 ad
181 3481 260 3543 eam,
285 3481 348 3543 qua
365 3458 504 3545 legendo
523 3459 669 3545 fruimur,
692 3460 894 3545 uoluptatem
912 3482 989 3544 pars
1008 3462 1145 3528 attinet:
