2452 3862
158 150 197 204 Vl
558 150 775 207 PRAEFATIO.

159 316 327 378 reuocatas
359 311 517 395 breuique
554 311 719 377 uolumine
752 315 1000 398 comprehensas
1038 317 1179 401 offeram,

159 422 276 485 operae
299 399 442 484 pretium
465 422 516 464 me
539 400 604 465 fact
590 404 700 466 turum
721 425 788 468 non
811 403 956 488 despero

247 487 349 553 Hac
341 511 375 552 11
397 510 432 552 11
455 489 502 553 111
524 489 643 590 mihi
633 494 682 554 mt
668 490 779 556 tellexi
807 514 876 557 1111
903 493 1110 577 uersandum,
1142 497 1180 557 ut

160 600 197 642 ea
220 577 370 663 editione,
394 599 475 661 quae
494 577 598 662 ipsius
616 577 753 645 Menut'
716 584 755 644 tu
778 580 896 645 iudicio
920 604 1018 665 quam
1040 582 1180 646 maxime

160 669 249 731 recta
277 670 310 730 et
337 665 502 749 perpolita
525 666 743 753 existimatur,
773 691 833 752 pro
862 671 1040 754 archetypo
1063 674 1180 734 uterer.

161 754 295 819 Etenim
328 777 402 818 cum
429 754 485 818 ille
515 754 550 818 11
577 754 719 819 limanda
747 757 892 822 oratione
920 780 1087 842 nunquam
1116 759 1181 823 sibi

161 842 367 929 satisfecerit,
397 842 568 927 epistulas,
599 843 852 928 quotiescunque
881 847 971 929 prelo
1003 851 1071 912 erat
1104 847 1179 910 sub·

160 932 311 1017 iecturus,
329 953 395 996 non
413 931 519 996 solum
536 932 738 1016 recensebat,
762 932 818 996 sed
836 933 934 997 etiam
956 935 1081 1016 aliquot
1099 935 1181 997 locis

162 1020 355 1107 corrigebat.
393 1018 486 1096 Quod
503 1019 589 1084 idem
603 1019 680 1104 quia
698 1024 772 1085 ante
792 1043 862 1084 1111
880 1021 1063 1104 editionem,
1082 1042 1179 1103 quam

162 1109 273 1194 paullo
296 1108 403 1193 prius,
432 1130 529 1192 quam
552 1107 622 1172 uita
645 1107 823 1192 decederet,
852 1108 1070 1173 excudendam
1093 1129 1180 1172 cura-

162 1198 226 1282 uit,
254 1219 288 1262 se
312 1197 473 1260 facturum
496 1200 530 1260 et
552 1218 612 1280 per
638 1195 764 1260 litteras
786 1195 872 1261 Aldo
894 1197 962 1262 filio
985 1196 1181 1280 promiserat

160 1291 194 1351 et
217 1285 370 1370 perfecit,
398 1284 467 1348 eius
494 1283 572 1349 libri
596 1284 789 1370 dignitatem
817 1307 975 1350 summam
1003 1308 1073 1350 esse
1098 1284 1179 1348 iudi-

162 1373 310 1440 cauerim.
320 1371 344 1460 ¹)
389 1371 452 1438 Sed
476 1372 554 1457 quid
577 1372 696 1474 quibus
718 1372 799 1439 locis
822 1375 982 1438 censuerit
1010 1374 1181 1437 immutan-

163 1465 248 1549 dum,
272 1483 383 1527 eorum
407 1460 569 1547 exemplo,
597 1461 654 1546 qui
676 1466 824 1527 ueterum
847 1461 1042 1527 Graecorum
1063 1462 1180 1526 Roma-

160 1571 343 1635 norumque
366 1548 472 1615 libros
497 1549 561 1615 sibi
589 1555 780 1635 proponunt
808 1551 959 1635 edendos,
989 1550 1182 1651 singillatim

163 1663 262 1740 quam
283 1637 527 1724 religiosissime
551 1639 714 1703 afferre
682 1662 739 1704 uix
757 1662 841 1722 opus
860 1661 929 1704 esse
947 1639 1072 1725 opinor,
1091 1661 1181 1739 prae-

163 1728 276 1829 sertim
299 1749 373 1792 cum
397 1727 464 1792 fere
486 1748 653 1810 nunquam
676 1731 769 1792 tanta
790 1727 833 1792 sit
852 1728 1060 1793 correctionis
1079 1728 1129 1792 uis
1149 1732 1182 1791 et

163 1816 272 1904 grauit
274 1819 378 1900 aaut
340 1815 528 1881 utdiuersa
551 1814 723 1881 admodum
746 1815 908 1881 sententia
931 1816 1055 1880 euadat.

250 1905 323 1971 Hoc
346 1903 451 1970 solum
475 1903 585 1970 deberi
607 1904 794 1990 legentibus
812 1903 893 1969 mihi
912 1905 1068 1989 persuasi,
1091 1908 1182 1969 utet

162 1998 275 2080 partes
303 1993 459 2078 quasdam
491 1992 578 2077 epist
563 1992 769 2062 tetularum
754 1993 929 2059 tnomina
960 1993 1154 2078 quaedam
1146 2016 1181 2057 11

163 2082 280 2168 primis
294 2081 492 2148 editionibus
505 2081 614 2166 posita
613 2132 623 2165 ,
640 2086 757 2166 postea
770 2104 953 2167 suppressa,
966 2082 1180 2147 restituerem.

164 2171 290 2249 Quibus
318 2170 404 2236 enim
431 2170 484 2235 uel
510 2174 647 2255 propter
668 2174 812 2236 mutatos
838 2193 946 2236 mores
968 2170 1022 2235 uel
1044 2176 1182 2256 propter

163 2261 357 2362 denegatam
382 2258 534 2325 Pontifici
562 2258 711 2361 Romano
739 2259 978 2325 oboedientiam
1006 2259 1183 2324 amicitiam

163 2349 420 2433 renuntiauerat,
448 2370 559 2414 eorum
585 2348 734 2434 nomina,
760 2371 802 2412 ne
830 2349 957 2501 quando
985 2348 1050 2414 sibi
1073 2352 1183 2412 essent

164 2437 340 2538 pudori,
315 2460 343 2500 s1
362 2440 438 2520 post
424 2435 531 2499 thac
522 2458 557 2499 m
580 2435 665 2518 epist
651 2436 730 2500 tulis
753 2435 821 2501 suis
843 2436 966 2520 scripta
987 2437 1134 2523 legerent
1135 2459 1185 2519 ur,

165 2525 315 2591 omittere
329 2523 484 2588 1111111111
475 2522 699 2588 1111111111Ι
690 2547 725 2588 m
739 2545 851 2589 corum
862 2524 971 2590 locum
985 2525 1091 2590 substr
1092 2525 1183 2589 tutis.

253 2611 293 2678 ln
320 2611 500 2676 duodecimi
526 2611 605 2676 libri
632 2611 783 2695 epistulis
809 2617 886 2697 post
912 2618 1051 2679 mortem
1077 2613 1184 2698 patris

164 2702 206 2766 ab
233 2700 320 2766 Aldo
346 2700 415 2765 filio
445 2699 579 2765 adiectis
606 2700 832 2766 auctoritatem
859 2706 989 2768 secutus
1017 2725 1088 2767 sum
1119 2702 1183 2765 edi-

164 2790 264 2856 tionis
292 2812 401 2856 earum
428 2788 600 2874 principis,
632 2811 713 2873 quae
743 2811 828 2858 anno
857 2792 943 2857 1580
970 2790 1117 2856 Venetiis
1147 2790 1184 2855 in

165 2879 272 2945 lucem
294 2877 424 2963 prodiit.

253 2967 387 3033 Praeter
413 2967 485 3051 has,
513 2989 594 3050 quas
622 2966 885 3052 commemoraui,
915 2967 1084 3052 epistulas,
1114 2972 1183 3032 tres

165 3057 283 3143 recepi,
307 3076 388 3139 quae
411 3054 499 3140 apud
520 3055 695 3120 Kreusium
718 3057 752 3120 in
771 3056 949 3140 appendice
971 3056 1185 3121 inueniuntur

257 3307 283 3368 1)
302 3299 382 3354 Hanc
396 3298 512 3370 quidem
525 3294 727 3358 editionemlo
732 3301 911 3384 Theophilus
921 3301 1058 3356 Krausrus
1060 3318 1184 3370 ,-quam

167 3390 253 3443 quam
271 3369 451 3453 plurimums
438 3371 527 3426 studii
539 3370 614 3429 inP.
629 3371 752 3428 Manutii
765 3372 903 3442 epistulas
924 3389 988 3428 eum
1007 3372 1182 3442 impendisse

165 3441 856 3586 t,2:33¹03t2332l¹¹dd⁰d¹lltlt¹¹
878 3443 986 3514 ΨΜ
1004 3461 1038 3498 ²⁰
1056 3444 1184 3514 ¹⁰⁰⁰¹³¹e
