2452 3862
122 113 166 176 84
364 109 489 164 XXXIX
517 107 613 163 Marco
631 105 755 162 Antonio
774 105 894 161 Murato.

122 273 227 359 possit
250 271 443 355 exspectari,
472 275 528 335 aut
551 271 650 336 officii
669 291 771 356 genus
793 272 850 334 aut
873 267 974 333 studii
998 272 1153 352 praeter·

122 363 258 427 mittam.
303 359 398 444 Vale,
419 358 567 425 Venetiis
591 357 766 444 [MDLIX]

521 544 735 554 —---a—.-—

557 692 701 758 XXXIX.

184 816 311 886 Marco
338 817 509 883 Antonio
536 817 687 883 Mureto
714 817 919 883 Patauium
946 825 1010 896 (111,
1027 830 1084 894 27).

96 970 108 1008 1
210 943 275 1008 Vix
299 943 421 1028 credas,
449 964 545 1027 quam
572 963 639 1007 non
666 939 760 1006 facile
786 962 858 1006 mea
885 962 984 1006 manu
1010 940 1145 1008 litteras

123 1032 290 1098 conficiam
314 1037 346 1097 11
370 1052 467 1115 quam
489 1031 596 1115 facile,
625 1052 698 1095 cum
725 1034 801 1094 utor
827 1029 1028 1115 amanuensi,
1055 1029 1141 1095 fluat

123 1121 234 1186 oratio.
289 1120 399 1204 itaque
432 1119 547 1203 scripsi
579 1119 620 1183 ad
651 1117 806 1184 Seuerum
837 1118 1011 1201 laboriose,
1049 1119 1144 1202 quod

122 1208 336 1294 inambulans,
360 1212 397 1273 ut
420 1211 514 1272 antea
537 1207 691 1293 solebam,
714 1206 848 1272 minimo
869 1207 1002 1293 negotio
1022 1205 1144 1274 dictas·

123 1322 198 1364 sem.
245 1298 403 1364 discessus
425 1296 479 1360 ille
503 1318 608 1381 meus,
633 1317 824 1384 magnorum
848 1295 944 1360 index
968 1294 1143 1382 malorum,

83 1411 109 1451 10
122 1393 159 1453 ut
187 1389 228 1452 ab
253 1386 364 1451 amicis
392 1390 469 1450 tunc
496 1385 577 1450 falsa
605 1385 788 1450 coniectura
815 1384 920 1449 ductis
948 1384 1143 1472 putabatur,

122 1475 297 1540 familiares
316 1496 413 1557 meos,
437 1495 575 1557 quorum
593 1473 642 1538 uti
661 1495 759 1558 opera
778 1494 1017 1557 consueueram,
1035 1473 1142 1538 Podo-

123 1564 298 1647 catharum,
320 1562 540 1646 Fasinardum,
563 1567 726 1647 postremo
751 1562 849 1627 etiam
871 1560 1045 1627 Nicolaum
1067 1561 1142 1628 Cre-

122 1657 247 1718 tensem
270 1650 351 1715 mihi
374 1649 501 1713 ademit.
538 1650 642 1715 filium
660 1651 774 1736 habeo,
797 1651 854 1716 sed
876 1671 1014 1735 puerum
1033 1650 1141 1716 adhuc

123 1745 155 1804 et
191 1737 354 1803 imbecillo
389 1759 522 1821 corpore
560 1743 593 1803 11
625 1743 817 1824 occupatum
849 1739 929 1804 satis
962 1739 1143 1805 domestica

82 1850 108 1890 15
123 1848 206 1892 cura.
248 1826 357 1910 itaque
380 1826 527 1914 posthac,
548 1826 613 1892 nisi
637 1827 715 1911 quid
733 1833 877 1893 occurrat
899 1828 1039 1914 grauim,
1061 1849 1140 1910 per-

122 1936 220 1999 quam
242 1935 315 1979 raro
339 1919 372 1979 et
396 1915 684 1998 quambreuissime
708 1916 854 1981 scribam.
901 1915 994 1981 uenio
1017 1915 1059 1979 ad
1080 1915 1140 1980 lit-

121 2009 207 2068 teras
232 2007 312 2068 tuas.
354 2003 516 2070 Reuersus
546 2003 669 2069 eForc
697 2003 786 2088 Iulii,
814 2025 877 2088 quo
901 2001 1042 2069 exieram
1069 2026 1141 2070 non

121 2097 188 2157 tam
217 2091 343 2178 negotii
371 2115 467 2178 quam
496 2092 692 2158 ualetudinis
722 2113 845 2178 caussa,
877 2092 983 2177 reperi
1012 2091 1141 2160 librum

121 2187 213 2247 tuum
227 2181 399 2247 Variarum
413 2181 597 2266 lectionum,
617 2203 713 2265 quem
727 2181 814 2265 apud
827 2180 954 2247 Sixtum
967 2179 1140 2267 Medicem,

81 2295 107 2335 20
121 2293 324 2338 communem
342 2270 489 2356 amicum,
508 2269 718 2335 excellentem
736 2269 842 2334 uirum
860 2269 1045 2354 reliqueras.
1068 2271 1140 2336 noli

122 2365 291 2443 expectare
324 2358 478 2422 iudicium
510 2379 625 2423 meum.
676 2357 761 2422 malo
795 2357 880 2423 enim
912 2362 944 2423 11
977 2360 1019 2423 ab
1053 2357 1139 2444 aliis,

121 2447 199 2530 quid
222 2447 261 2510 de
284 2445 350 2510 tuis
369 2445 493 2530 studiis,
518 2446 653 2531 quidde
672 2446 803 2534 ingenio
823 2440 1013 2532 existimem,
1038 2469 1140 2532 quam

121 2556 140 2597 a
162 2555 213 2597 me
237 2533 309 2617 ipso
333 2554 534 2618 cognoscere.
580 2554 680 2598 unum
704 2539 812 2600 tamen
834 2530 916 2601 illud
937 2556 1003 2600 non
1027 2536 1140 2602 minus

121 2643 196 2687 uere
229 2642 325 2706 quam
354 2621 497 2687 libenter
526 2621 643 2708 dicam,
674 2623 758 2688 nihil
788 2645 839 2689 mc
871 2622 975 2688 adhuc
1006 2622 1042 2688 in
1073 2625 1140 2690 hoc

80 2733 238 2799 agenore
261 2709 379 2797 legisse
402 2710 559 2796 ornatius,
588 2711 673 2776 nihil
701 2711 864 2777 eruditius.
910 2711 1002 2790 Quod
1025 2717 1140 2779 autem

121 2800 314 2886 quibusdam
337 2799 372 2864 in
394 2797 475 2865 locis
499 2804 531 2865 et
554 2821 573 2864 a
591 2822 643 2866 me
667 2800 817 2866 dissentis
835 2803 868 2865 et
887 2799 1029 2888 egregiis
1049 2800 1140 2868 idem

212 2949 224 2994 1
244 2941 311 3009 poet
335 2940 583 3010 ‘praetermittam'
603 2939 743 3010 inprime
765 2938 889 2994 editione
913 2938 973 2994 eins
992 2938 1139 3010 epistulae

121 3009 282 3078 legebatur:
310 3010 473 3066 Salutamus
498 3015 540 3079 te,
567 3028 653 3080 quam
676 3009 801 3065 studiose
825 3026 965 3079 quamque
984 3027 1019 3064 ex
1039 3011 1139 3066 animo

120 3078 196 3133 licet.
234 3095 299 3148 ego,
319 3099 388 3136 uxor
407 3085 437 3136 11
454 3081 551 3152 liberi,
574 3079 742 3152 praesertim
760 3080 825 3149 is*),
852 3098 936 3150 quem
955 3080 1041 3136 audio
1060 3099 1138 3137 nunc

120 3147 150 3229 in
176 3148 255 3230 cunis
279 3151 456 3221 uomentem,
485 3156 631 3222 susceptus
655 3169 673 3206 1
694 3154 736 3221 11,
765 3168 829 3206 cum
852 3152 1007 3206 salutarem
1031 3168 1138 3234 aquam

120 3237 151 3273 111
173 3218 346 3288 baptrsmate
370 3222 516 3292 reciperet.
554 3224 601 3277 cui
624 3226 652 3278 te
674 3239 726 3292 pro
750 3239 783 3278 co
806 3222 933 3292 1111111111,
958 3222 1036 3290 quod
1060 3225 1140 3277 mter

121 3307 172 3346 nos
193 3305 341 3346 commune
360 3292 437 3360 cepit
456 3309 526 3360 esse,
544 3293 670 3363 parentis
684 3293 780 3348 officia
797 3293 922 3362 benigne
941 3291 1036 3362 elpis
1054 3309 1139 3362 prae-

120 3361 252 3416 stiturum
270 3360 444 3417 confidimus.

209 3487 231 3540 *J
245 3486 367 3538 Octauius,
381 3485 490 3529 minimus
505 3489 561 3530 11111
575 3488 636 3530 filius
650 3489 717 3531 Pauli
730 3489 763 3528 M.
