2452 3862
161 155 183 218 2
498 157 532 211 ΙΙ.
560 155 671 210 Auiano
690 155 840 226 Burgonio.

161 323 229 383 met
215 318 333 383 thodus
349 317 513 403 quaedam,
532 339 628 401 quam
648 318 854 383 seruantibus
868 320 1013 385 salubres
1029 321 1140 387 dicunt
1126 328 1185 389 tur

163 429 245 472 esse:
274 405 448 507 permistae
472 427 545 469 cum
567 406 729 471 imbribus
753 412 956 493 putrescunt,
979 411 1071 496 graui
1096 413 1183 494 peri-

164 496 236 559 culo
265 494 390 559 bibent'
366 499 457 558 t.1um
502 517 562 558 nos
590 517 701 579 porr0,
732 517 750 558 ο
778 495 894 582 Lolge,
925 498 980 580 qui
1009 499 1183 566 didicimus

162 606 181 648 a
208 582 414 668 philosophis
444 584 563 646 bonam
593 583 680 648 ualet
681 583 812 648 udinem
842 590 993 668 expetere
1022 589 1183 671 sapientis

135 695 241 756 cesse,
264 672 389 735 ualde
380 694 415 735 m
432 671 493 735 hac
512 671 642 755 quidem
660 676 753 756 parte
772 672 916 773 sapimus
935 679 976 760 et,
999 680 1036 739 ut
1055 678 1182 760 optime

162 761 339 844 ualeamuS,
380 763 540 860 accurate,
580 782 789 845 quaecunque
825 761 912 826 uires
947 767 1081 829 tuentur
1122 771 1182 830 aut

162 853 297 950 augent,
329 848 565 932 persequimur,
597 871 678 932 quae
709 871 804 932 posse
834 850 946 915 uident
932 855 986 916 tur
1015 853 1181 919 infirmare

162 960 199 1002 ac
221 937 379 1023 minuere,
409 937 613 1001 declinamus
656 937 766 1021 itaque
794 937 834 1000 ad
862 939 1051 1005 balneorum
1080 944 1180 1006 medi-

163 1027 268 1090 cinam
289 1048 356 1090 non
379 1025 469 1109 prius
493 1024 688 1108 accedemus,
711 1047 808 1110 quam
830 1026 864 1090 id
887 1032 920 1092 et
943 1033 1056 1093 tuteo
1057 1031 1180 1095 tsalu-

122 1139 148 1179 10
161 1115 275 1179 tariter
297 1114 368 1178 fieri
391 1137 486 1198 posse
509 1114 737 1200 intelligamus.
774 1136 859 1179 nunc
884 1116 1013 1199 quidem
1036 1117 1180 1183 alienum

162 1208 292 1287 tempus
310 1206 367 1267 est.
400 1202 500 1287 uides,
521 1224 602 1286 quae
622 1202 761 1286 pluuiae,
785 1225 882 1287 quam
901 1227 1002 1289 paene
1021 1205 1179 1270 hiemales

162 1292 238 1357 dies.
283 1292 362 1356 haec
393 1291 469 1356 dum
498 1290 545 1355 ita
575 1314 608 1355 se
638 1290 774 1376 habent,
806 1314 866 1356 nos
895 1292 1177 1375 opportimitatem

162 1384 346 1464 spectantes
369 1380 403 1444 in
425 1379 478 1444 his
501 1380 631 1463 oppidis
655 1384 687 1443 et
711 1380 834 1444 uillulis
856 1380 992 1446 iucunde
1016 1381 1093 1444 satis
1118 1381 1177 1444 ob·

162 1468 348 1534 errabimus
391 1468 477 1553 quod
505 1468 657 1552 quoniam
685 1491 782 1553 quam
810 1469 997 1534 diuturnum
1024 1469 1067 1533 sit
1090 1469 1179 1533 futu-

121 1580 149 1622 ιι
162 1580 235 1622 rum
258 1557 401 1622 diuinare
421 1556 552 1620 difficile
576 1562 624 1621 est
648 1561 680 1621 et
700 1579 770 1643 ego,
794 1557 870 1621 dum
888 1562 921 1622 ιι
940 1580 1041 1642 careo,
1064 1556 1180 1622 multis

163 1645 447 1710 commoditatibus
475 1667 539 1708 una
567 1667 672 1725 careo,
701 1650 816 1731 tuque,
843 1650 879 1709 ut
907 1646 1008 1710 ternis
1036 1646 1101 1709 iam
1123 1646 1177 1710 lit-

162 1733 240 1798 teris
264 1732 445 1818 significare
468 1733 596 1816 uideris,
618 1756 685 1798 non
708 1734 785 1798 abes
809 1755 896 1797 ame
920 1733 988 1798 sine
1013 1735 1177 1799 molestia:

162 1843 234 1885 mea
256 1843 367 1886 caussa
390 1843 483 1907 rogo,
506 1825 563 1886 tua
585 1822 712 1908 hortor,
740 1827 790 1907 ut,
814 1844 1010 1906 quamquam
1032 1823 1178 1887 nondum

163 1909 377 1994 consedimm,
400 1915 525 1975 mature
548 1915 670 1996 tamen,
692 1911 755 1975 nisi
779 1910 857 1995 quid
875 1911 1006 1997 grauius
1030 1910 1178 1996 impedit,

121 2023 148 2064 ao
162 2003 313 2064 reuertas
348 2003 386 2071 1ιι
409 2002 446 2063 ut
469 1999 564 2084 seiae,
592 2022 655 2083 quo
683 2022 734 2063 me
762 2000 832 2063 loco
862 1998 1032 2063 conuenire
1060 2000 1178 2084 possis,

161 2087 246 2152 Pisis
276 2087 316 2150 ad
345 2087 417 2151 idus
446 2086 555 2152 Iunias
586 2092 618 2152 ιι
646 2089 745 2172 ultra,
775 2091 812 2151 ut
842 2086 971 2173 opinor,
1000 2088 1178 2173 aliquante,

163 2176 219 2240 sed
241 2175 281 2239 ad
303 2175 375 2240 idus
398 2175 507 2242 Iunias
535 2181 620 2241 certe
648 2175 927 2242 commorabimur.
972 2174 1068 2260 Vale,
1091 2177 1177 2242 Pisis

162 2263 370 2350 [Moxxxu.

648 2614 686 2679 H·

121 2785 148 2824 ιι
477 2755 626 2821 Aniano
653 2756 859 2843 Burgonio.

251 2897 285 2963 Si
304 2898 384 2964 mihi
403 2921 462 2982 per
477 2898 610 2985 negotia
628 2899 781 2985 licuisset,
799 2899 1037 2982 respondissem
1054 2900 1180 2967 litteris

162 2987 227 3050 tuis
255 2992 287 3051 ιι
315 2987 410 3053 citius
439 2992 471 3052 et
498 2988 638 3053 uberius
679 3010 766 3053 nunc
793 2988 855 3052 etsi
882 3010 947 3052 non
972 2988 1078 3053 minus
1104 3013 1179 3073 pre-

162 3075 273 3139 mebar
296 3076 410 3140 iisdem
434 3076 715 3163 occupationibus,
742 3082 851 3141 tamen
880 3098 952 3140 cum
976 3082 1008 3141 ιι
1031 3082 1179 3144 ueterem

162 3166 306 3227 nostram
337 3164 600 3229 consuetudinem
630 3187 732 3230 essem
760 3165 958 3251 diligentius
974 3188 1100 3230 mecum
1129 3190 1178 3231 re-

120 3280 148 3320 30
163 3251 312 3316 cordatus
336 3257 368 3316 et
391 3253 534 3317 uiderem
552 3253 692 3318 alienum
710 3255 752 3318 ab
771 3253 930 3318 institutis
949 3255 1038 3340 meis,
1062 3255 1088 3318 si
1114 3279 1180 3342 ego

252 3448 286 3497 20
307 3445 455 3498 ‘reuertas'
476 3443 517 3498 sic
536 3444 683 3499 etiamtum
701 3445 731 3499 in
749 3445 873 3500 editione
889 3444 956 3500 anni
972 3452 1041 3500 15⁷3
1060 3446 1178 3515 legitur„

161 3545 196 3556 -
211 3519 245 3569 25
264 3515 305 3569 Ex
319 3515 503 3587 epistularum
517 3515 672 3586 appendice
687 3515 805 3571 editioni
819 3517 994 3598 Krausianae
1008 3517 1121 3573 adiecto
1131 3520 1177 3589 (I).
