2452 3862
163 199 230 264 134
487 196 582 252 LXIV.
605 194 705 251 loanni
723 193 849 255 cratoni.

162 367 272 430 tamen
299 358 495 444 aequitatem
523 358 622 424 animi
653 356 726 423 mei.
775 351 823 422 rei
856 356 1062 422 domesticae
1096 357 1190 426 iactu·

162 474 248 537 ram,
277 469 496 533 quaecumque
524 453 587 534 est,
613 447 708 512 facile
730 446 812 533 fero,
838 445 984 510 libenter
1011 447 1190 536 dissimulo,

164 541 204 604 do
224 559 365 622 operam,
388 542 425 601 ut
444 537 630 621 obliuiscar3
654 536 740 621 quod
759 535 927 619 antiquam
946 534 1061 600 colere
1086 537 1189 624 fruge

162 628 299 711 litatem,
322 625 410 710 quod
427 626 518 690 illam
535 647 637 710 paruo
661 627 859 706 contentam,
883 623 1038 688 omnium
1062 624 1189 691 laudan·

136 729 149 769 ⁵
163 715 276 780 darum
290 715 409 779 artium
423 718 591 799 parentem
605 713 814 796 altricemque
823 710 1037 794 disciplinam
1052 715 1188 780 retinere

163 826 269 891 cogar,
287 825 354 869 non
371 803 499 868 irascor.
537 806 570 866 et
587 803 671 866 hane
690 801 795 886 ipsam
808 799 877 865 fore
891 800 1066 866 crederem
1079 802 1188 868 liberis

163 893 243 957 meis
256 914 323 957 non
335 891 601 957 contemnendam
614 890 834 955 hereditatem.
869 886 916 953 At
935 889 1049 954 multa
1068 891 1188 957 desunt

163 980 236 1067 Ego
260 981 369 1045 deesse
391 979 472 1043 mihi
497 979 674 1063 quidquem
695 1001 793 1066 nego,
821 978 935 1041 abesse
959 978 1074 1044 multa
1099 979 1187 1046 eonfi-

164 1074 243 1154 teor,
267 1091 348 1153 quae
372 1073 481 1132 temen
504 1067 583 1150 ipsa,
605 1066 640 1131 ni
663 1067 767 1150 fallor,
791 1065 949 1131 eiusmodi
973 1071 1067 1154 sunt,
1092 1073 1143 1155 ut,
1163 1067 1187 1133 si

126 1172 151 1211 10
164 1158 254 1244 large
277 1160 464 1241 suppetant,
486 1155 589 1220 nihilo
612 1156 688 1219 fiam
710 1154 837 1240 melior,
864 1154 892 1218 si
916 1154 1034 1220 absint
1060 1157 1188 1242 penitus

165 1251 221 1312 eut
243 1247 271 1311 si
293 1246 427 1311 minima
450 1244 529 1331 sint,
556 1243 651 1309 sicuti
678 1248 767 1331 sunt,
793 1242 895 1308 nihilo
924 1242 1085 1311 deterior.
1132 1267 1186 1333 ego

166 1337 251 1421 quod
275 1335 315 1400 ad
337 1336 421 1399 hanc
444 1334 602 1399 iacturam
625 1332 752 1418 attinet,
774 1331 952 1416 tranquillo
977 1334 1064 1400 satis
1084 1334 1186 1399 animo

165 1447 249 1490 sum:
277 1423 333 1488 1111
360 1445 411 1487 me
436 1422 503 1487 dies
524 1425 700 1505 noctesque
723 1425 834 1508 uexat,
860 1419 917 1484 illa
944 1421 1032 1486 mihi
1057 1424 1187 1508 penitus

165 1513 283 1577 insidet
304 1513 479 1595 haeretque
497 1532 582 1596 cura,
605 1510 700 1596 quod,
723 1509 750 1574 si
770 1531 865 1594 quem
883 1509 993 1574 studia
1011 1534 1092 1576 mea
1110 1514 1187 1578 fruc·

126 1613 151 1654 1⁶
166 1606 236 1666 tum
266 1602 362 1687 ferre,
395 1600 421 1664 si
454 1598 532 1683 quid
563 1598 704 1683 posteris
734 1597 897 1664 industria
923 1620 998 1663 mea
1033 1601 1187 1684 prodesse

165 1689 296 1774 poterit,
318 1687 352 1752 id
374 1688 509 1773 periisse
531 1691 638 1753 totum
660 1707 698 1751 ac
720 1687 826 1771 perire
849 1686 996 1770 quotidie
1014 1689 1186 1776 1111311111-

165 1778 288 1862 telligo.
343 1776 432 1841 Haec
464 1779 540 1839 sunt
570 1797 643 1839 mea
679 1775 883 1859 detrimenta,
917 1777 1048 1858 optime
1083 1777 1187 1864 Grato,

165 1869 263 1947 atque
290 1864 415 1928 utinam
442 1884 514 1926 mea
540 1867 669 1928 tantum
696 1868 811 1929 essent.
856 1863 975 1928 ferrem
999 1865 1130 1931 facilius
1154 1870 1187 1930 et

166 1972 296 2036 quoquo
315 1951 410 2015 modo
431 1950 522 2035 quasi
541 1951 686 2017 fouerem
701 1974 738 2017 ac
755 1951 915 2017 mollirem
939 1951 1072 2020 dolores
1089 1977 1185 2020 meos.

126 2051 251 2105 20nunc
275 2040 362 2124 quod
388 2038 519 2124 publico
543 2041 666 2105 tamdiu
697 2041 864 2106 commodo
893 2040 1070 2130 defuerim,
1100 2043 1186 2128 quod

165 2130 269 2195 iacere
302 2128 409 2195 studia
439 2151 511 2193 mea
538 2152 598 2213 per
625 2152 725 2194 annos
753 2129 876 2215 decem,
904 2129 992 2212 quod
1014 2131 1185 2218 ingenium

163 2220 319 2306 languere
342 2218 404 2284 sim
431 2240 560 2305 passus,
590 2219 677 2302 quod
700 2218 838 2302 denique
864 2217 1090 2286 fundamentis
1112 2221 1185 2285 adu·

163 2308 337 2375 lescentiae
366 2307 529 2392 praeclare
557 2307 651 2371 iactis
677 2311 767 2372 aetas
790 2306 921 2393 grauior
944 2308 1185 2391 exspectationi

164 2420 231 2462 non
257 2395 473 2481 responderit,
501 2395 535 2458 id
562 2417 635 2461 cum
661 2395 824 2482 recordor,
851 2417 954 2478 paene
986 2400 1082 2462 totus
1114 2398 1185 2481 ipse

124 2503 150 2544 11
164 2485 245 2548 mihi
269 2483 423 2566 displiceo
448 2487 489 2566 et,
512 2505 708 2567 quamquam
731 2484 826 2568 culpa
848 2505 973 2570 uacem,
996 2506 1049 2549 me
1075 2491 1186 2551 tamen

165 2572 261 2654 culpa
282 2593 349 2635 non
371 2569 489 2655 libero,
517 2571 573 2634 sed
598 2572 690 2654 quasi
718 2572 896 2638 communis
923 2593 1055 2638 caussae
1082 2576 1186 2639 deser-

164 2664 269 2726 torem
296 2680 419 2724 accuso.
470 2679 535 2723 una
561 2659 756 2744 relinquitur
787 2661 823 2726 in
849 2683 958 2726 amore
985 2666 1043 2726 tuo
1074 2685 1185 2729 conso

163 2750 243 2815 latio
268 2754 309 2835 et,
333 2748 359 2813 si
382 2748 466 2812 nihil
484 2752 665 2831 praestares
684 2749 780 2834 aliud,
802 2750 865 2815 hoc
883 2749 956 2834 ipso
974 2753 1088 2816 tamen
1112 2774 1184 2817 con·

165 2839 288 2925 solaris,
304 2838 391 2922 quod
409 2837 605 2924 aegritudini
618 2859 708 2902 meae
722 2839 842 2903 sociam
857 2861 890 2904 se
904 2837 1061 2925 adiungat
1081 2839 1185 2927 aegri·

124 2944 151 2989 11
165 2929 244 2993 tudo
267 2932 337 3014 tua3
360 2931 402 3014 et,
425 2927 502 2991 dum
520 2930 557 2990 tu
576 2948 677 3010 aeque
701 2927 789 2991 doles
807 2931 940 3012 atquae
965 2949 994 3013 1,
1017 2927 1052 2991 id
1071 2928 1185 3015 efficis,

164 3021 202 3081 ut
225 3038 286 3101 ego
313 3036 504 3099 nonaeque
528 3014 654 3079 doleam
677 3019 774 3100 atque
797 3016 894 3081 soleo
939 2949 1002 3080 §ed
1024 3012 1084 3080 1111
1108 3039 1186 3101 pars

163 3103 346 3167 litterarum
368 3108 506 3190 tuarum,
528 3103 563 3168 in
586 3125 650 3188 qua
673 3103 711 3167 de
734 3103 947 3170 Maximiliani
969 3103 1185 3188 imperatoris

164 3190 336 3256 admodum
364 3213 527 3276 propensa
553 3192 595 3257 ad
616 3192 767 3257 liberales
796 3193 983 3278 disciplinas
1010 3192 1184 3259 uoluntate

165 3279 328 3366 significas
351 3283 384 3343 et
407 3280 506 3366 addis,
529 3302 626 3365 opem
649 3281 690 3345 ab
710 3303 747 3345 eo
767 3281 793 3346 11
812 3285 931 3368 petam,
954 3281 1033 3368 fore,
1055 3303 1098 3346 ne
1118 3284 1183 3346 fru-

123 3385 151 3427 11
165 3373 231 3436 stra
253 3372 372 3454 petam,
395 3389 433 3431 11
455 3389 532 3433 uero
555 3391 632 3453 pars
649 3369 756 3434 animo
775 3392 847 3435 meo
865 3374 1031 3454 tamquam
1053 3370 1184 3435 labanti

165 3457 330 3544 quiddam,
359 3476 424 3540 quo
453 3457 656 3545 consisteret,
683 3458 864 3524 instillauit.
915 3458 988 3523 aliis
1014 3457 1079 3522 1111
1107 3481 1186 3524 cara

146 3551 244 3613 sunt·
272 3569 342 3615 non
376 3545 493 3615 eodem
528 3569 642 3636 sensu,
671 3569 744 3612 non
774 3545 890 3610 eodem
919 3565 1031 3606 amnes
1049 3546 1188 3624 'ingemo
