2452 3862
435 215 530 274 XLIX.
551 215 595 271 Ad
613 214 695 272 Pium
712 213 758 271 Ν.
1034 176 1099 278 1113

82 401 253 462 superesse
281 379 457 444 remedium
484 377 637 443 uidetur?
673 381 706 441 at
733 375 768 441 in
789 377 851 441 hoc
873 376 973 457 libro,
1003 396 1099 459 quem

85 472 143 530 tuo
171 466 260 551 iussu
288 467 430 551 primum
457 466 648 550 emittimus,
671 465 820 548 proxima
848 464 1029 529 ostenditur
1059 465 1099 527 ad

86 555 224 619 salutem
256 556 317 620 uia.
364 578 437 639 spes
470 554 575 619 omnis
606 554 642 618 in
674 552 874 619 confessione
904 552 1031 636 culpae,
1064 553 1098 615 in
1132 559 1136 566 '

86 643 173 706 uitae
196 666 233 707 ac
256 666 382 708 morum
406 643 637 726 emendatione,
660 641 695 705 in
718 661 843 706 summa
865 641 993 705 demum
1016 640 1097 705 Pon-

84 731 182 795 tificis
202 732 396 797 auctoritate
415 732 598 796 collocatur.
637 729 725 806 Quae
744 750 817 793 cum
836 750 895 813 per
909 751 943 794 se
956 729 1096 793 maxima
1125 753 1138 793 a

85 823 217 883 suntet
241 820 388 885 curandis
412 818 612 885 Christianae
635 817 726 903 Reip.
755 817 945 882 uulneribus
968 817 1097 882 utilissi-

84 929 150 971 ma:
180 911 251 972 tum
278 929 355 973 uero
378 907 530 992 ponderis
557 906 680 972 accedit
712 906 889 991 plurimum
915 906 957 970 ab
981 905 1098 969 eximia

81 995 252 1078 scriptoris
271 996 462 1081 innocentia,
481 996 634 1079 doctrina,
656 995 788 1079 pietate.
825 994 898 1078 quis
916 993 1011 1079 enim,
1031 995 1099 1077 qui-

85 1083 147 1147 bus
176 1084 275 1148 animi
302 1084 411 1168 bonis,
439 1084 560 1168 quibus
587 1082 764 1148 industriae
791 1082 978 1168 ingeniique
1008 1104 1098 1147 orna-

81 1172 202 1236 mentis
225 1172 448 1257 abundauerit,
472 1173 528 1257 qui
551 1172 688 1255 denique
707 1171 760 1236 uir
777 1175 980 1255 quantusque
1000 1171 1098 1235 fuerit
1113 1196 1138 1236 ιο

82 1258 282 1344 Reginaldus
299 1261 413 1344 Polus,
435 1265 492 1324 aut
510 1261 639 1346 ignorat
661 1263 732 1342 aut,
754 1259 782 1323 si
801 1280 898 1341 quam
915 1258 1011 1322 modo
1030 1263 1099 1322 tan-

84 1351 192 1410 tarum
222 1346 354 1412 laudum
386 1353 514 1431 partem
545 1347 647 1411 habet
678 1346 855 1432 cognitam,
891 1367 958 1410 non
989 1366 1098 1408 earum

84 1434 240 1499 memoria
263 1440 296 1499 et
320 1435 477 1501 desiderio
497 1435 705 1500 uehementer
724 1434 967 1498 commouetur‘?
989 1436 1099 1516 potest

84 1544 125 1585 ne
155 1523 325 1606 quisquam
360 1526 428 1587 tam
459 1523 555 1606 inops
587 1545 606 1586 a
637 1521 770 1607 iudicio,
797 1526 865 1586 tam
892 1542 1024 1585 auersus
1056 1522 1097 1585 ab

83 1610 298 1696 humanitate,
320 1615 388 1676 tam
410 1611 507 1696 plane
529 1612 617 1676 ferus
641 1632 710 1675 esse
731 1631 769 1674 ac
791 1611 929 1694 ferreus,
954 1608 1010 1692 qui
1033 1632 1098 1675 non
1113 1633 1138 1674 15

83 1699 208 1764 intimis
232 1721 304 1764 eum
323 1699 472 1765 sensibus
490 1698 648 1784 dilexerit,
671 1698 762 1763 cuius
782 1719 850 1763 non
867 1697 962 1762 modo
981 1697 1015 1761 in
1033 1702 1099 1762 stu-

83 1787 158 1869 diis,
192 1787 412 1874 in·moribus,
446 1788 480 1853 in
507 1787 724 1871 sermonibus,
756 1785 812 1851 sed
839 1785 873 1849 in
900 1785 972 1869 ipso
1001 1786 1097 1869 plane

79 1875 238 1958 adspectu
256 1877 361 1942 omnis
379 1877 536 1960 probitas,
559 1875 664 1942 omnis
681 1876 802 1940 luceret
820 1874 1026 1940 humanitas?
1049 1874 1098 1938 De

82 1963 240 2047 religione
268 1985 345 2029 uero
373 1964 478 2048 deque
505 1964 679 2029 Christiani
711 1963 853 2029 hominis
880 1962 987 2027 officio
1019 1963 1097 2047 quid

83 2050 221 2115 senserit
249 2055 281 2114 et
308 2051 466 2136 iudicarit,
492 2073 559 2116 non
585 2056 642 2116 aut
674 2052 709 2115 in
731 2073 795 2116 uno
819 2051 919 2115 altero
948 2072 988 2115 ue
1010 2051 1096 2116 libro
1111 2077 1137 2116 so

84 2137 132 2200 ita
155 2138 309 2223 ostendit,
336 2143 373 2202 ut
400 2138 435 2202 in
463 2138 536 2202 aliis
563 2159 716 2222 umquam
743 2138 942 2221 dissenserit,
969 2143 1026 2202 aut
1051 2139 1098 2203 ita

81 2225 229 2310 scripsit,
256 2230 293 2289 ut
319 2225 414 2290 aliter
436 2225 575 2311 uiueret,
547 2229 659 2290 taut
681 2225 728 2289 ita
750 2224 848 2310 uixit,
877 2229 914 2288 ut
936 2224 1099 2290 interdum

84 2313 150 2377 sibi
178 2335 244 2377 non
266 2317 443 2398 constaret,
414 2313 528 2378 tsed
550 2313 658 2379 omnia
684 2312 803 2377 litteris
826 2312 867 2376 ab
891 2311 947 2376 illo
971 2312 1099 2396 prodita

81 2401 154 2466 sine
182 2401 248 2465 ulla
278 2402 467 2486 exceptione
495 2423 622 2502 semper
647 2401 819 2466 laudarunt
846 2399 1005 2496 hodieque
1026 2400 1097 2466 lau-

83 2490 162 2554 dant
185 2490 323 2555 bonit
291 2496 323 2555 et
350 2490 514 2575 sapientes
536 2490 612 2576 uiri,
640 2510 777 2574 quorum
804 2484 925 2554 dir'ecta
952 2490 993 2553 ad
1016 2491 1096 2556 ueri
1111 2512 1137 2553 25

82 2579 225 2642 tatem
216 2601 334 2665 ipsam,
363 2579 448 2644 idest
478 2578 520 2643 ad
547 2600 644 2644 unam
675 2578 737 2643 Dei
769 2577 906 2664 gloriam
937 2580 1098 2644 sententia

82 2687 142 2729 nec
166 2666 406 2732 obtrectandis
406 2667 497 2733 tudio
520 2672 577 2732 aut
598 2666 721 2732 inuidia
747 2666 889 2731 flectitur
915 2688 975 2730 nec
1001 2669 1097 2732 male-

82 2752 205 2816 uolent
181 2757 227 2816 111
249 2758 305 2818 aut
327 2754 504 2820 ambitione
526 2759 677 2821 mutatur.
714 2753 809 2819 Vitae
828 2775 905 2819 uero
927 2754 1097 2819 totiusin-

82 2841 180 2905 siuttt
181 2862 200 2904 1
227 2845 260 2904 11
287 2841 532 2907 excellentem
523 2865 558 2908 m
584 2843 672 2908 omni
699 2841 825 2906 actione
850 2841 1003 2924 omnique
1035 2843 1097 2906 for·

82 2935 163 2993 tuna
177 2929 334 3012 pietatem
347 2929 472 2994 utinam
475 2952 598 3016 ,quam
616 2929 710 2995 facile
727 2933 898 3013 nouerant,
911 2933 979 2992 tarn
995 2928 1097 2996 liben·
1112 2953 1137 2994 1ο

82 3023 134 3081 111
148 3017 313 3082 imitarent
298 3021 353 3082 tur
366 3017 473 3082 multi!
501 3017 596 3103 Opes,
616 3017 764 3101 honores,
783 3015 957 3102 clientelas,
969 3017 1097 3104 Regum

82 3106 298 3170 maximorum
316 3106 505 3191 gratiamet
490 3104 723 3171 tt'beneuolen
699 3109 779 3170 tram
797 3104 853 3188 qui
876 3112 1097 3194 assequuntur,

83 3193 230 3276 proxime
254 3193 294 3257 ad
317 3193 505 3260 felicitatem
526 3197 645 3278 putant
645 3215 684 3258 ur
630 3192 857 3258 t.accedere
893 3198 927 3258 11
945 3194 1000 3260 1111
1018 3197 1097 3261 haec

82 3282 191 3345 omnia
199 3281 301 3435 tapud
313 3281 500 3368 Henricum,
521 3281 708 3348 Britanniae
726 3281 859 3369 Regem,
881 3282 946 3348 et
936 3305 1006 3348 rure
1024 3307 1096 3382 pro-

82 3369 233 3454 pinquita
233 3369 276 3435 tis
295 3375 328 3435 et
345 3369 449 3436 multo
466 3370 565 3436 etiam
582 3369 685 3456 magis
700 3391 758 3436 sua
775 3370 896 3436 uirtute
910 3392 984 3436 cum
998 3370 1097 3454 possi·
1111 3391 1138 3431 11

82 3456 187 3541 deret,
209 3458 294 3523 ultro
318 3458 527 3544 contempsit,
547 3479 589 3522 ne
607 3459 811 3542 turpissimas
832 3459 934 3543 Regis
956 3458 1098 3522 actiones

81 3565 102 3612 1
85 3545 362 3611 etaduersantem
385 3544 505 3612 Christi
527 3545 648 3612 uicario
671 3547 864 3613 sententiam
884 3546 1023 3629 probare
1040 3550 1097 3610 aut
