2452 3862
386 260 389 264 .
499 194 554 251 XL.
583 194 634 251 Pio
652 195 699 252 IV.
1063 198 1107 264 85

92 359 244 426 laudibus
266 381 317 423 me
345 356 384 422 ad
412 357 536 422 caelum
558 359 661 443 tollis,
690 358 818 443 parcius
846 364 1018 444 utrumque
1042 360 1107 425 uel·

94 448 168 514 lem.
214 447 260 512 sic
283 446 369 511 enim
393 450 566 532 utrumque
589 448 727 512 fortasse
749 447 865 514 uerius.
912 469 974 534 ago
998 452 1107 514 tamen

94 536 225 624 gratias,
249 536 336 620 quod
354 535 521 620 publicam
539 535 715 602 utilitatem
733 537 831 601 rebus
850 536 1001 602 omnibus
1020 542 1106 603 ante-

94 645 206 710 ponas.
252 646 348 708 quam
382 645 442 710 ego
473 624 736 690 consuetudinem
768 630 934 709 acceptam
965 647 984 689 a
1013 630 1106 709 patre

94 713 220 779 seruaui
244 735 315 777 mea
342 716 456 798 sponte
485 718 518 779 et
546 712 682 778 seruabo
709 714 846 799 posthac
868 718 926 779 tuo
949 713 1106 781 inuitatus
1134 735 1147 777 s

94 801 244 886 exemplo
268 801 463 888 diligentius.
510 801 559 866 De
582 801 735 886 nummis,
759 824 832 867 cum
854 801 986 886 libebit,
1010 807 1106 887 atque

94 892 234 991 adeot
198 895 234 955 ut
256 889 393 954 lubebit
416 890 548 992 ,urgeri
571 890 657 956 enim
679 912 766 976 eum,
790 890 920 975 quicum
942 890 1006 955 tibi
1029 912 1106 956 usus

94 979 282 1063 intercedat,
303 999 344 1043 ne
367 978 395 1042 si
413 978 483 1064 ipsc
503 978 632 1064 quidem
651 979 741 1064 uelis,
764 979 858 1044 facile
876 979 995 1065 permit
996 984 1106 1045 terem

94 1067 271 1151 Dionysius
294 1067 404 1168 paullo
428 1067 543 1153 serius,
568 1089 665 1152 quam
682 1072 887 1153 putaueram,
911 1068 1106 1134 absoluetur.

94 1178 218 1221 moram
240 1155 351 1221 iniecit
377 1156 548 1225 commissa
575 1156 660 1222 inter
688 1157 852 1241 operarios
879 1156 949 1221 rixa
972 1158 1088 1222 absent
1074 1161 1107 1222 te
1123 1179 1148 1219 ro

94 1267 153 1310 me
199 1267 304 1329 neque
331 1249 441 1310 tamen
467 1246 606 1310 haot
556 1249 606 1310 sat
606 1245 635 1310 is
660 1245 739 1330 leui,
769 1245 825 1309 sed
852 1244 924 1309 aliis
952 1245 1108 1309 adductus

95 1333 231 1416 caussis,
264 1354 344 1416 quae
375 1333 528 1417 ponderis
557 1333 655 1420 longe
686 1332 761 1416 plus
793 1333 972 1417 habebant,
1005 1355 1107 1416 paene

95 1424 202 1485 totum
226 1420 396 1484 eonsilium
419 1421 608 1485 abieceram.
644 1424 785 1485 nuncto
809 1421 960 1486 hortante
984 1441 1021 1484 ac
1043 1443 1108 1485 mo·

95 1512 193 1573 nante
223 1508 334 1592 etiam,
363 1513 401 1573 ut
431 1509 589 1592 celeriter,
620 1508 698 1592 quid
728 1508 846 1593 agam?
892 1508 969 1591 quid
992 1512 1109 1591 autem,
1153 1550 1154 1555 κ

95 1596 158 1662 nisi
183 1597 269 1680 quod
296 1596 366 1680 ipse
390 1597 505 1682 cupis?
545 1597 632 1682 quod
658 1600 743 1662 certe
771 1618 842 1661 mea
869 1617 981 1661 caussa
1008 1597 1108 1681 cupis.
1123 1618 1149 1660 ιι

95 1685 220 1771 urgebo
250 1684 352 1771 igitur
379 1707 440 1770 pro
470 1685 557 1750 uirili
586 1707 646 1750 nec
677 1685 842 1770 impensae
872 1689 1023 1769 parcetur
1053 1690 1109 1752 aut

94 1773 209 1839 labori.
243 1773 293 1839 De
313 1773 478 1840 Gallorum
500 1796 576 1861 rege
596 1773 685 1839 dolui
704 1796 780 1839 sane
798 1774 943 1861 grauiter
966 1774 1109 1840 dolorem

95 1868 248 1929 uestrum.
294 1863 350 1928 sed
372 1865 513 1929 humana
535 1884 616 1948 quae
645 1867 734 1948 sunt,
762 1863 946 1928 humaniter
969 1863 1107 1928 ferenda.

95 1973 154 2016 nec
181 1951 277 2016 uobis
305 1952 468 2017 doctrinae
496 1953 636 2017 remedia
662 1973 722 2017 neo
750 1948 800 2038 ea,
828 1973 909 2036 quae
937 1956 1109 2017 sumuntur

96 2059 116 2102 a
145 2060 252 2103 rerum
283 2060 356 2123 usu,
389 2040 498 2104 deesse
528 2044 672 2124 possunt.
718 2043 751 2104 et
782 2044 819 2104 tu
851 2039 932 2104 mihi
964 2039 1150 2104 mirandam

96 2126 234 2190 narrasti
263 2126 301 2190 de
325 2124 502 2190 Oardinalis
529 2127 651 2210 pietate
678 2127 714 2191 in
740 2126 853 2191 Deum.
900 2149 963 2211 quo
992 2127 1047 2191 ille
1076 2150 1109 2191 se

97 2234 221 2296 uosque
245 2234 355 2278 omnes
378 2212 540 2297 praesidio
563 2214 744 2278 aduersus'
735 2214 854 2314 iniquit
840 2218 942 2278 tatem
960 2216 1109 2279 fortunae

97 2301 261 2386 praeclare
293 2301 448 2367 tuebitur
492 2300 582 2367 Vale
626 2301 755 2367 Venet
719 2306 775 2366 tus
806 2301 957 2383 [MDLIX
988 2305 1091 2366 acstat

96 2394 235 2454 exeunte
202 2390 310 2455 tuel
333 2395 407 2455 auct
408 2412 505 2456 umno
529 2390 684 2475 ineunte]

498 2599 711 2607 ---·——-——-

573 2762 638 2827 XL.
1127 2791 1153 2832 aa

96 2903 267 2986 Scripsit
288 2903 384 2967 hano
404 2902 627 2968 liberalium
645 2903 942 2986 disciplinarum
960 2901 1112 2966 nomine

281 3007 349 3073 Pro
372 3006 435 3073 IV
467 3007 663 3073 Pont1f1oe
687 3011 885 3085 creato(V
902 3015 934 3082 1)

190 3148 271 3214 Cum
293 3148 370 3233 tibi,
393 3149 545 3215 Pontifex
573 3171 616 3234 op
618 3148 710 3232 time,
737 3147 844 3212 adt
800 3150 844 3212 ιιι
845 3169 896 3211 am
919 3147 1112 3236 dignitatem

99 3261 205 3340 nuper
227 3237 384 3304 diuinitus
407 3237 556 3324 elato,q
556 3260 598 3303 ua
621 3235 871 3303 sublimiust
815 3239 871 3302 aut
894 3238 1069 3321 praestant
1061 3259 1112 3302 rus

100 3331 186 3392 mter
135 3326 355 3392 thomines
382 3325 466 3393 nihil
488 3261 556 3410 estq
577 3325 729 3392 mortales
757 3347 854 3410 quam
881 3324 1027 3411 plurimi,
1055 3324 1111 3390 alii
1124 3354 1153 3396 so

190 3485 291 3553 lpost
315 3482 415 3540 tollis’
441 3483 528 3538 antea
550 3481 711 3552 legebatur:
739 3499 797 3538 non
819 3480 912 3553 magis
936 3497 1060 3537 amorem
1082 3479 1116 3535 in

100 3569 145 3607 me
163 3554 245 3608 tunm
249 3570 360 3626 ,quam
378 3551 537 3609 doctrinam
555 3568 628 3619 amo.
1113 3588 1116 3593 -
