2452 3862
413 197 482 254 XLL
510 195 610 254 carolo
628 195 753 274 Sigonio.

546 427 626 493 XLI.

241 567 377 635 Oarolo
405 567 566 655 Sigonio
590 559 794 635 Patauium
819 577 865 648 (V,
881 577 931 644 18).

169 711 233 798 Egi
266 710 452 863 diligenter,
485 710 571 794 quod
602 710 820 776 mandaueras.
866 710 1008 794 praecise
1038 734 1090 776 ne·

76 800 172 887 gauit
195 821 231 864 ιο
255 799 344 864 uisus
363 821 380 862 e
381 798 461 863 tiam
478 798 627 864 nonnihil
648 800 784 864 moleste
808 800 899 864 ferre
937 800 993 864 sed
1010 800 1091 864 mihi

79 888 185 973 erede,
217 888 314 953 huius
345 887 473 973 generis
505 910 607 973 paene
639 888 759 974 magist
760 910 809 953 ro:
846 887 947 953 uestri
979 910 1091 954 sensus
1118 909 1131 950 ι

79 999 145 1041 non
164 981 385 1063 congruerent.
363 975 505 1040 tnihil
523 976 690 1040 morosius
728 975 849 1042 omult
835 981 868 1042 ta
887 977 922 1040 in
940 977 1091 1042 omnibus

78 1066 128 1129 int
114 1064 309 1129 tolerabilia!
351 1085 433 1148 quae
455 1063 589 1129 nobist
575 1069 692 1149 tamen,
720 1065 764 1130 mi
788 1064 911 1151 Sigoni,
935 1065 990 1148 qui
1014 1088 1033 1130 a
1055 1065 1091 1129 li

79 1153 147 1217 bris
170 1153 278 1218 nescio
303 1152 381 1238 quid
402 1153 489 1237 plus,
517 1175 614 1237 quam
637 1154 749 1238 ceteri,
776 1176 889 1238 sapere
913 1152 1091 1240 didicimus,

79 1243 209 1306 ferenda
239 1246 323 1306 sunt.
373 1262 568 1325 quamquam
595 1241 658 1305 tibi
688 1241 818 1325 quidem
845 1264 905 1326 pro
933 1246 990 1305 tua
1017 1265 1091 1325 pru-

78 1331 188 1393 dentia
211 1333 308 1412 atque
332 1329 430 1393 etiam
453 1351 513 1413 pro
537 1329 713 1412 superioris
736 1329 822 1395 uitae
842 1333 1000 1413 perpetua
1019 1351 1090 1394 con·
1106 1352 1132 1391 10

78 1417 248 1481 suetudine
270 1416 353 1480 nihil
376 1417 515 1481 difficile.
561 1415 624 1481 Sed
640 1416 769 1481 Patauii
791 1420 825 1480 te
847 1438 933 1481 nuno
956 1438 1034 1501 esse,
1057 1417 1092 1482 in

78 1505 288 1569 celeberrimo
315 1503 428 1569 Italiae
455 1505 597 1589 theatro,
625 1504 683 1570 ubi
711 1508 878 1590 spectatur
905 1509 937 1568 et
959 1508 1092 1570 notetur

77 1593 240 1678 acerrime,
264 1592 420 1676 quidquid
441 1614 527 1679 agas,
551 1593 706 1677 quidquid
725 1593 820 1679 dicas,
844 1597 877 1658 et
895 1614 991 1677 saepe
1010 1594 1091 1658 mihi

77 1705 137 1747 nee
160 1703 313 1766 umquam
337 1681 405 1746 sine
429 1681 537 1767 aliquo
561 1687 651 1747 metu
677 1682 713 1747 in
735 1686 877 1748 mentem
900 1681 999 1747 uenit.
1046 1682 1091 1747 sic

77 1776 162 1856 sunt,
187 1770 241 1855 qui
266 1775 388 1836 amant:
411 1770 520 1836 omnia
542 1771 688 1856 cupiunt,
711 1771 819 1836 omnia
841 1771 966 1836 timent.
998 1770 1091 1856 Vide,
1106 1791 1131 1833 ιι

78 1882 141 1943 quo
165 1864 197 1924 tc
222 1860 256 1924 in
277 1860 349 1924 loco
377 1863 434 1924 tua
460 1859 578 1945 uirtus,
607 1863 728 1944 quanta
755 1860 899 1925 omnium
926 1864 1091 1945 exspecta·

76 1949 166 2012 tione
199 1947 411 2013 constituerit.
456 1948 540 2012 nihil
575 1948 734 2014 mediocre
771 1950 1000 2032 praestandum
1033 1953 1090 2033 est,

77 2057 145 2117 nee,
168 2040 205 2098 ιιι
224 2057 296 2099 eum
315 2035 395 2119 aliis,
419 2036 538 2119 quibus
561 2037 678 2101 teiam
700 2037 846 2102 doctrina
868 2037 1090 2121 industriaque

77 2121 300 2187 antecelluisse
324 2144 434 2187 omncs
457 2122 609 2206 iudicant,
632 2123 689 2189 sed
711 2128 748 2188 ut
770 2129 878 2190 tecum
896 2125 967 2209 ipse
988 2130 1090 2190 certes

77 2215 174 2294 teque
202 2210 323 2294 ipsum,
351 2209 379 2274 si
406 2209 495 2293 lieet,
523 2210 634 2276 uineas
662 2211 813 2295 omnique
841 2211 946 2277 laudis
973 2233 1090 2297 genere
1105 2234 1131 2273 ιο

77 2299 234 2383 cumules,
263 2297 501 2362 elaborandum.
547 2319 629 2381 quae
657 2319 729 2363 eum
759 2299 800 2363 ad
827 2321 924 2382 quem
951 2299 1091 2363 scribam

77 2386 257 2470 considero,
285 2391 318 2451 et
346 2407 419 2452 eum
442 2385 523 2451 mihi
546 2386 743 2474 singularem
769 2391 860 2452 tuam
883 2387 917 2451 in
939 2387 1091 2452 omnibus

77 2476 175 2541 rebus
210 2475 423 2560 cupiditatem
454 2497 491 2540 ac
523 2475 726 2561 diligentiam
757 2497 920 2562 propono,
956 2475 1090 2542 mirifice

75 2565 187 2630 laetor.
223 2586 282 2630 nec
305 2586 357 2629 me
381 2568 490 2629 tamen
512 2564 658 2648 paenitet
680 2565 742 2631 hoc
764 2570 894 2631 nostrae
916 2565 1090 2631 necessitu-

77 2654 144 2716 dini
167 2653 329 2736 tribuisse,
352 2656 390 2719 ut
412 2676 451 2718 ea
472 2652 563 2740 legas
585 2676 605 2719 a
627 2675 679 2720 me
703 2654 834 2740 scripta,
857 2676 939 2739 quae
957 2654 1089 2719 minime
1105 2675 1130 2716 ιι

77 2740 256 2805 necessaria
279 2741 433 2806 duxerim
478 2740 677 2809 Hesternum
699 2743 784 2808 diem
807 2747 888 2827 puto
911 2748 944 2807 te
967 2742 1090 2807 mutuis

75 2851 151 2894 cum
179 2827 263 2893 Pace
289 2827 381 2894 Scala
411 2830 614 2931 sermonibus
643 2831 872 2896 iucundissime
899 2830 1090 2915 traduxisse,

77 2939 173 3002 quem
196 2917 271 2982 uolo
295 2939 314 2980 ι
337 2917 494 2983 ιιιιιιιιι
516 2919 701 3004 plurimum,
724 2919 778 2983 uel
801 2918 888 3002 quod
910 2918 952 2982 ab
976 2917 1090 2982 illote

75 3028 205 3090 quoque
228 3005 329 3070 amari
352 3005 535 3090 plurimum
551 3008 651 3090 sensi,
681 3006 735 3071 uel
757 3006 844 3090 quod
867 3027 905 3070 eo
928 3004 1011 3069 nihil
1032 3005 1090 3070 hu·

76 3094 216 3178 manius,
251 3093 335 3159 nihil
366 3094 547 3161 amabilius.
595 3099 775 3180 praeterea,
812 3093 899 3178 quod
930 3098 963 3158 te
996 3095 1089 3160 uehe-
1105 3116 1132 3157 eo

76 3189 201 3249 menter
224 3181 381 3283 mouebit,
403 3183 516 3249 multis
534 3183 721 3249 nominibus
740 3205 802 3269 ego
824 3181 945 3246 illum
935 3205 970 3248 m
989 3184 1090 3249 oeulis

76 3272 153 3356 fero,
176 3294 235 3336 nee
258 3271 292 3336 in
315 3293 353 3336 eo
371 3233 490 3337 'riuales
509 3272 614 3337 habeo
634 3293 761 3372 paucos.
798 3270 959 3373 Faloppio
977 3276 1052 3337 nost
1054 3293 1089 3336 ιο

76 3359 103 3423 si
132 3324 307 3425 discessum
335 3381 444 3424 meum
471 3360 688 3444 excusaueris,
718 3382 791 3425 cum
818 3360 929 3425 uxoris
956 3359 1090 3424 morbus

76 3453 220 3533 urgeret,
242 3454 315 3534 grat
317 3448 465 3514 issimum
488 3449 557 3514 erit.
603 3470 663 3515 nee
685 3453 794 3514 temen
817 3448 897 3514 diut
873 3453 939 3514 tius
961 3447 1015 3511 hic
1038 3467 1090 3508 me

75 3541 348 3601 commoraturum
371 3541 461 3620 puto
506 3537 591 3603 tanti
613 3536 696 3602 nihil
720 3542 782 3622 est,
805 3542 842 3602 ut
865 3535 960 3601 uobis
983 3553 1090 3598 carere
1104 3551 1133 3593 ιι
