2452 3862
166 216 230 282 106
507 214 602 271 XLIX.
625 215 671 271 Ad
688 216 770 276 Pium
789 215 835 271 IV.

163 377 479 477 quadamsuauitate
492 382 706 479 penetrantes
717 375 890 480 ,exaudiuit
908 375 1078 442 attentius.
1116 378 1188 482 ΙΝιῖο

163 464 774 639 tiridati,ltttttttttt
796 469 1187 639 lliludtmtitatlli

162 644 299 709 nitatem
325 641 480 727 redirent,
512 663 586 707 cum
612 643 683 727 ipse
709 644 831 709 multos
859 642 1084 708 cohortatione
1119 667 1185 731 sue,

134 730 307 815 sconsilio,
341 729 498 813 doctrina,
534 731 708 797 nonnullos
740 732 839 797 etiam
868 730 1005 795 lenitate
1042 732 1184 816 quadam

162 821 204 884 ad
227 818 359 883 meliora
383 818 517 883 consilia
539 824 750 885 conuerteret.
795 818 912 885 Incidit
934 824 1083 907 tempus,
1111 843 1184 886 curn

163 909 202 973 de
236 906 424 972 sufficiendo
455 912 531 990 post
563 908 690 972 obitum
722 907 828 973 Paulli
850 905 906 973 ΙΠ.
938 907 1099 973 Pontifice
1129 911 1182 974 ha-

163 995 268 1061 benda
305 994 530 1060 cardinalibus
566 996 756 1062 deliberatio
793 1000 885 1062 esset.
945 995 1040 1060 affuit
1082 996 1180 1062 Polus

163 1086 210 1150 ita
245 1084 354 1148 sedato
386 1083 507 1168 animo,
538 1084 585 1148 ita
617 1084 805 1168 cupiditatis
837 1089 869 1149 et
906 1083 1093 1150 ambitionis
1123 1107 1176 1148 ex-

123 1199 150 1238 ro
163 1195 250 1258 pers,
280 1176 317 1236 ut
343 1171 463 1237 maiore
492 1170 628 1258 Collegii
655 1177 748 1256 parte
775 1172 1007 1239 Pontificatum
1035 1172 1074 1235 ad
1100 1193 1174 1236 eum

163 1263 326 1328 deferente
357 1282 424 1326 non
453 1260 564 1324 statim
600 1261 772 1326 assenserit
804 1260 1076 1344 differendamque
1105 1281 1175 1324 rem

162 1356 287 1416 tantam
318 1349 354 1413 in
381 1353 548 1432 posterum
581 1349 665 1414 diem
698 1349 866 1414 censuerit.
916 1349 986 1413 fore
1020 1348 1119 1433 enim,
1149 1349 1178 1413 si

162 1442 317 1523 probaret
335 1438 431 1522 Deus,
455 1437 591 1501 eundem
609 1442 685 1521 post
703 1438 827 1522 aliquot
845 1438 942 1502 horas
961 1435 1180 1502 Gardinalium

163 1549 367 1610 consensum3
391 1525 441 1589 sin
463 1526 584 1612 minus,
607 1526 738 1591 omnino
761 1525 840 1612 sibi,
864 1525 950 1609 quod
972 1525 1043 1591 Deo
1069 1525 1180 1609 displi-

123 1638 150 1679 15
164 1621 263 1702 ceret,
290 1615 417 1698 placere
444 1636 510 1679 non
537 1636 641 1698 posse.
687 1613 824 1698 Scripsit
853 1614 951 1678 etiam
977 1613 1014 1678 in
1037 1635 1077 1678 eo
1102 1613 1180 1681 Gon-

162 1704 246 1769 olaui
264 1703 427 1787 praeclara
451 1703 606 1786 quaedam
625 1703 664 1767 de
683 1703 789 1768 officio
812 1701 989 1788 Pontificis,
1008 1723 1179 1787 quaecum

162 1792 235 1856 aliis
270 1791 339 1854 eius
369 1789 481 1874 libris,
520 1811 601 1873 quos
632 1789 768 1856 Ioannes
799 1790 967 1876 Moronus,
1001 1789 1180 1856 Cardinalis

162 1879 204 1942 ob
229 1900 354 1942 summa
372 1899 449 1962 erga
467 1876 582 1942 Sedem
598 1878 821 1962 Apostolicam
839 1879 955 1943 merita
972 1884 1180 1962 perpetuam·

163 1987 225 2050 que
253 1965 340 2029 uitae
368 1965 585 2031 innocentiam
613 1967 822 2049 clarissimus,
849 1970 994 2032 accurate
1024 1968 1179 2052 seruauit,

119 2081 148 2119 ao
162 2053 350 2141 propediem
373 2055 408 2118 in
429 2054 533 2119 lucem
551 2056 764 2139 proferentur.
802 2055 921 2140 quibus
939 2055 974 2120 in
990 2055 1089 2121 libris
1107 2078 1180 2121 curn

162 2144 284 2229 spirare
307 2144 411 2209 adhuc
428 2166 519 2209 mens
537 2144 594 2208 illa
612 2144 714 2208 diuini
732 2144 873 2208 hominis
891 2149 924 2209 et
941 2143 1054 2228 uigere
1073 2144 1180 2209 uidea-

161 2240 223 2320 tur,
243 2234 400 2299 afficimur
417 2238 568 2299 nontam
587 2233 768 2318 praeceptis
786 2237 883 2316 atque
906 2231 1061 2317 doctrina,
1082 2255 1180 2316 quam

160 2323 380 2389 recordatione
402 2327 567 2387 tantarum
589 2323 762 2405 uirtutum,
786 2343 865 2406 quas
888 2321 923 2385 in
945 2320 1002 2384 illo
1025 2320 1178 2387 uidimus.

161 2411 257 2475 Vitae
281 2411 423 2474 clausula
445 2409 521 2494 fuit,
548 2410 583 2474 in
610 2431 674 2493 qua
702 2409 843 2474 ostendit
869 2408 979 2473 lumen
1006 2408 1108 2473 animi
1132 2410 1180 2475 in·

119 2519 147 2560 2⁵
161 2519 313 2667 §dldnbldi
335 2496 1180 2671 {alzoprplaffladffigauupRepaumncmunpeporflapr

163 2672 221 2736 rici
249 2671 404 2758 primum,
433 2671 545 2736 deinde
569 2670 709 2737 Odoardi
732 2673 801 2738 eius
824 2672 897 2758 filii,
923 2673 1091 2759 legitimus
1114 2674 1178 2739 Dei

161 2761 267 2827 cultus
288 2761 480 2826 intermissis
504 2759 636 2844 optimis
659 2761 778 2827 ritibus
801 2759 1016 2826 obsoleuisset
1038 2783 1179 2847 cumque

161 2850 311 2916 interitus
335 2848 474 2915 Odoardi
502 2849 690 2914 succedente
719 2850 787 2914 eius
815 2870 924 2914 sorore
951 2849 1054 2913 Maria
1082 2873 1179 2934 spem

118 2960 146 2998 eo
160 2939 304 3023 aliquam
321 2938 518 3004 reuocandas
537 2937 669 3022 pietatis
683 2941 716 3002 et
733 2937 901 3023 religionis
914 2937 1086 3023 attulisset,
1105 2939 1178 3004 uisa

160 3032 209 3089 est
236 3028 330 3092 unius
363 3027 502 3091 maxime
536 3027 607 3091 Poli
644 3024 804 3110 sapientia
839 3029 960 3090 rectam
991 3026 1179 3092 errantibus

160 3113 248 3177 uiam
269 3120 448 3179 monstrare
471 3137 576 3199 posse,
598 3115 748 3179 adiuncta
770 3113 961 3197 praesertim
983 3114 1178 3180 auctoritate

158 3205 259 3285 tanta,
283 3207 435 3285 quantam
457 3225 516 3267 nec
539 3202 608 3266 sine
631 3202 751 3266 uirtute
775 3201 916 3287 dignitas
943 3201 1010 3265 ulla
1036 3209 1178 3287 pareret,

159 3311 218 3354 nec
245 3288 315 3355 sine
348 3288 506 3375 dignitate
538 3290 649 3355 uirtus.
703 3290 738 3354 in
768 3311 805 3353 ea
836 3289 999 3375 legatione
1031 3291 1178 3373 optimos

118 3397 146 3438 as
159 3378 302 3466 Reginae
326 3399 439 3441 sensus
462 3377 672 3462 confirmauit,
694 3377 899 3462 principibus
917 3377 997 3443 uiris
1015 3383 1048 3443 et
1067 3380 1179 3446 multi·

158 3468 264 3533 tudini
291 3464 465 3552 persuasit,
497 3470 534 3529 ut
559 3487 678 3529 nouam
703 3466 862 3530 haeresim
888 3465 1020 3530 Henriei
1050 3469 1179 3533 nefaria

157 3558 294 3624 libidine
321 3555 484 3621 inductam
512 3553 696 3638 abiicerent,
723 3559 866 3619 ueterem
892 3575 1055 3619 sacrorum
1084 3555 1182 3622 disci·
