2452 3862
154 187 196 254 76
420 185 532 243 XXXV.
560 185 599 245 Io.
618 184 767 258 Baptistae
785 184 899 256 Pignae.

152 349 365 415 laborandum
392 347 551 413 existimo.
601 352 634 413 te
665 369 793 432 quoque
820 347 992 432 sperabam
1022 344 1058 410 111
1090 346 1168 412 meis

152 436 320 523 praesidiis
344 459 413 501 csse
437 439 483 521 11,
514 437 541 501 si
570 437 627 521 qui
650 441 804 523 urgerent
832 435 979 522 grauius,
1007 433 1170 500 obsistere

153 527 376 609 impetumque
399 525 540 590 inuidiae
564 529 597 589 et
619 523 866 589 maleuolentiae
894 527 951 588 tua
973 523 1170 588 auctoritate

153 635 191 678 ac
222 613 408 678 testimonio
445 613 560 699 frangi.
608 613 694 698 quod
730 612 758 677 si
794 613 886 699 facis,
923 613 1070 677 fructum
1103 613 1169 677 fero

126 723 242 766 smeae
275 702 448 788 singularis
480 702 515 766 111
551 706 584 765 11
621 701 847 766 obseruantiae
884 704 918 765 et
953 699 1062 765 habeo
1101 699 1169 784 tibi,

154 811 251 873 quam
275 791 390 877 debeo,
413 790 560 876 gratiam.
606 790 657 854 sin
679 790 799 875 minus,
822 789 884 854 hoc
906 794 1016 854 tamen
1040 789 1170 854 nomine

154 879 217 943 tibi
241 879 352 963 debeo,
376 879 462 962 quod
484 901 572 943 meos
592 879 826 944 obtrectatores
849 878 941 943 flocci
963 877 1045 943 facis
1070 898 1170 962 usque

155 989 202 1052 eo,
225 971 261 1030 ut
285 967 444 1052 indignos,
469 967 587 1051 quibus
610 967 851 1051 respondeatur,
875 966 1049 1032 existimes.
1082 965 1170 1050 Vale,

154 1054 301 1120 Venetiis
323 1055 502 1121 MDLVIH.

555 1217 768 1226 ...-.--—-—

117 1398 144 1439 ro
601 1371 730 1438 XXXV.

237 1498 285 1564 Io.
311 1498 515 1582 Baptistae
542 1497 687 1584 Pignae
715 1493 932 1561 Ferrariam
960 1503 1091 1574 (mro).

247 1638 383 1704 Alfonso
415 1638 506 1703 Duce
539 1642 645 1703 creato
678 1640 751 1724 grat
737 1637 822 1702 ttula
808 1641 862 1702 tus
893 1635 1060 1702 Ferrarius
1095 1660 1173 1723 sum,

160 1749 241 1811 quae
272 1731 344 1791 tum
376 1749 415 1791 ex
446 1726 524 1791 noui
555 1726 716 1809 Principis
746 1725 863 1791 eximia
893 1725 1016 1790 uirtute
1048 1727 1173 1791 fructus

160 1816 266 1914 capiet
289 1814 446 1900 egregios,
469 1819 540 1878 tum
562 1814 634 1897 ipsa
653 1836 781 1898 quoque
804 1815 845 1878 ad
867 1836 996 1880 omnem
1018 1813 1176 1879 uirtutem

121 1925 147 1967 15
162 1903 244 1984 eius,
272 1923 377 1984 aquo
401 1902 486 1988 regit
488 1925 539 2003 ur,
567 1902 751 2055 exemplqrn
779 1907 889 1976 secuta
917 1900 1138 2002 diligentius
1128 1924 1176 1966 m·

162 1951 301 2055 cumbet.
351 2011 456 2055 mores
485 1991 571 2056 enim
603 1990 746 2058 ciuitatis
774 2013 814 2056 ex
840 1990 1002 2075 Principis
1029 1989 1176 2056 moribus

163 2079 364 2165 effinguntur
387 2082 433 2163 11,
455 2083 493 2144 11
516 2080 562 2144 111
548 2079 693 2144 ttPla0:
722 2079 809 2157 Quae
832 2079 920 2164 apud
942 2100 1013 2180 eos,
1041 2078 1099 2164 qui
1123 2079 1174 2145 do

162 2167 327 2233 minantur
377 2129 485 2233 stddia
520 2169 647 2256 uigent,
620 2168 795 2233 teadem
831 2167 949 2252 reliqui
985 2167 1165 2233 ciuesem

163 2258 250 2342 plect
251 2261 402 2323 unturet
421 2258 540 2323 colunt
517 2258 661 2344 tErgo
681 2257 871 2321 florebunt
863 2280 897 2321 1n
915 2259 1025 2321 uestra
1044 2205 1176 2322 ciuitate

122 2370 150 2412 11
162 2346 313 2412 hberales
345 2346 534 2446 disciplinae
566 2368 603 2411 11
635 2345 785 2410 debita
776 2367 840 2409 ram
870 2344 1034 2429 pridem
1025 2345 1176 2431 mgenuis

164 2434 288 2498 artibus
311 2434 455 2516 praemia
477 2435 664 2534 persolueut
665 2456 711 2497 ur
758 2433 845 2518 quod
867 2433 1017 2518 equidem
1040 2437 1101 2498 tua
1123 2455 1177 2518 po·

163 2520 326 2584 tissimum
345 2543 465 2604 caussa,
488 2521 572 2585 doct
548 2521 672 2586 trssime
691 2521 805 2607 Pigna,
827 2542 1026 2622 magnopere
1044 2522 1179 2608 gaudeo

164 2629 223 2671 nec
238 2607 323 2672 enim
338 2607 432 2672 dubit
418 2573 468 2672 111
487 2608 658 2710 quisquam
676 2613 733 2673 aut
751 2609 845 2675 dubit
831 2610 894 2675 tari
913 2608 1045 2675 omnino
1059 2614 1179 2696 potest,

166 2695 257 2850 quin,
286 2696 473 2781 quantum
464 2697 609 2784 ingenio,
637 2697 752 2762 erudit
728 2701 830 2784 11,1111
856 2697 989 2799 iudicio,
1020 2704 1179 2782 quantum

123 2809 151 2850 25
166 2790 198 2851 11
199 2786 263 2850 iam
287 2785 421 2850 consilio
444 2786 547 2873 ucles,
574 2791 646 2851 tant
632 2786 765 2851 tundem
792 2786 880 2870 apud
902 2785 1180 2870 sapientissimum

166 2875 391 2959 optimumque
410 2839 594 2960 Principem
618 2879 651 2940 et
636 2876 847 2940 tauctoritat
814 2875 993 2940 aeualeas
1012 2879 1046 2940 et
1064 2875 1179 2962 gratia

166 2965 252 3047 quod
275 2964 311 3048 si,
335 2986 431 3047 quam
454 2964 557 3029 adhuc
580 2964 615 3029 in
633 2963 862 3050 cognoscenda,
885 2963 1018 3028 eandem
1042 2964 1181 3048 posthac

166 3051 201 3113 in
219 3053 360 3116 ornanda
378 3053 501 3117 uirtute
519 3052 711 3117 industriam
728 3052 861 3136 locabis,
884 3052 957 3137 quis
975 3055 1008 3116 te
1028 3074 1094 3117 uno
1113 3052 1182 3117 feli-

167 3138 248 3224 cior,
275 3140 347 3221 quis
375 3142 462 3206 omni
489 3141 583 3205 laude
614 3141 851 3225 praestantior?
894 3140 981 3225 quod
1008 3145 1046 3204 ut
1073 3141 1182 3225 facias,

128 3250 155 3290 so
168 3247 209 3290 ne
241 3227 419 3291 monendus
452 3229 581 3311 quidem
613 3251 654 3294 es.
708 3250 768 3293 nec
800 3229 886 3293 enim
922 3234 955 3294 te
992 3228 1184 3295 dissimilem

169 3335 238 3380 esse
260 3315 310 3378 tui
332 3314 385 3378 uel
407 3320 523 3380 natura
545 3320 602 3381 tua
625 3317 678 3382 uel
701 3318 898 3382 consuetudo
921 3316 975 3383 uel
997 3318 1107 3383 studia
1129 3339 1184 3401 pa-

168 3404 302 3468 tiuntur.
343 3402 406 3467 hoc
428 3403 530 3489 igitur
552 3409 660 3470 tecum
683 3405 844 3491 agendum
865 3409 1009 3472 nonest.
1050 3407 1109 3472 illa
1131 3427 1183 3471 me

258 3550 292 3599 17
313 3542 421 3598 ‘Plato’
441 3543 527 3613 Legg.
544 3543 592 3611 IV,
607 3549 658 3599 712
669 3544 698 3600 0.
