2452 3862
155 178 218 244 128
331 178 400 235 LXI.
429 177 616 248 Magdalenae
635 181 665 234 et
683 178 827 240 Locrorae
845 177 989 236 Austriae.

620 427 701 494 LXI.

273 588 346 653 Pro
376 588 553 676 Collegio
584 587 862 654 Oanonieorum
888 587 919 654 S.
943 589 1054 654 Petri

157 695 186 763 S.
215 695 253 759 R.
280 694 532 782 Magdalenae
563 699 600 759 et
627 695 822 760 Leonorae
851 691 1038 802 Austriae
1072 720 1181 764 soro-

448 801 558 866 ribus
581 799 730 884 Spiram
754 810 811 880 (IX,
829 810 880 877 u).

131 980 144 1019 a
246 960 333 1024 Bene
366 960 483 1046 agendi
515 960 599 1025 ratio
636 960 775 1025 maxime
808 960 944 1025 discitur
976 983 1093 1027 eorum
1127 985 1180 1028 ex-

159 1049 281 1134 emp10,
309 1070 446 1132 quorum
473 1049 617 1114 actiones
644 1049 772 1135 generis
799 1048 956 1114 nobilitas
983 1055 1040 1115 aut
1071 1051 1181 1136 splen·

158 1139 217 1203 dor
246 1137 415 1223 dignitatis
447 1136 596 1203 illustrat.
649 1141 823 1223 propterea
859 1160 965 1222 neque
995 1140 1180 1223 optabilius

159 1227 335 1311 quidquam
367 1229 429 1310 est,
467 1248 563 1310 quam
599 1230 637 1290 ut
670 1248 704 1291 re
729 1249 763 1291 es
795 1226 1025 1311 principesque
1058 1229 1180 1313 reliqui

159 1317 200 1380 ad
240 1316 416 1381 ornandam
451 1316 667 1399 tuendamque
705 1249 826 1380 blasti
853 1315 1044 1402 eeclesiam,
1092 1318 1180 1381 unde

120 1423 146 1463 10
160 1427 237 1470 uera
268 1405 355 1470 salus
387 1407 599 1487 aeternaeque
631 1404 718 1468 uitae
755 1403 893 1469 felicitas
925 1409 1069 1490 emanat,
1103 1428 1178 1470 suas

160 1515 272 1559 omnes
295 1514 400 1577 cursa,
433 1492 541 1556 omnia
564 1492 671 1557 studia
698 1493 877 1578 conferant3
910 1515 1016 1578 neque
1043 1516 1105 1560 nos
1137 1517 1178 1560 ex

160 1583 226 1647 ulla
249 1605 284 1647 re
307 1582 462 1646 maiorem
486 1603 599 1664 capere
622 1581 782 1646 laetitiam
804 1581 985 1666 potuimus,
1012 1604 1111 1667 quam
1136 1605 1177 1648 ex

159 1671 202 1736 Μ.
221 1671 260 1736 V.
287 1692 450 1755 propensa
479 1671 520 1734 ad
549 1670 672 1735 cultum
700 1693 736 1735 ac
766 1671 1007 1736 uenerationem
1032 1670 1178 1755 Aposto

159 1761 266 1824 lorum
298 1759 480 1844 uoluntate,
514 1763 610 1823 antea
646 1759 776 1843 quidem
816 1759 913 1825 nobis
949 1758 1078 1824 minime
1116 1759 1175 1822 du-

120 1865 146 1905 15
161 1848 216 1911 bio
249 1847 427 1911 multorum
464 1869 623 1931 sermone,
658 1870 745 1913 nunc
778 1852 888 1913 autem
920 1846 1035 1934 insigni
1067 1846 1175 1912 uestis

159 1956 274 1998 aureae
298 1956 442 2036 munere·
454 1935 622 2037 declarata.
664 1937 709 2001 Et
728 1958 925 2021 quamquam
943 1957 1016 2002 suae
1038 1935 1178 2019 pietatis

159 2024 802 2198 ltttttttfflttfflttttt
819 2024 1177 2198 tutabat

160 2206 269 2266 tamen
301 2224 360 2267 nos
394 2225 534 2287 quoque,
569 2224 610 2266 ne
642 2206 752 2287 partes
783 2207 913 2268 nostrae
946 2202 1178 2288 desiderentur,

99 2309 146 2369 ¹20
160 2291 302 2376 primum
325 2292 447 2377 gratias
472 2291 518 2355 eis
541 2292 580 2354 de
607 2291 671 2356 ista
697 2291 894 2357 liberalitate
917 2291 1045 2376 istaque
1069 2297 1179 2357 mente

161 2402 257 2464 quam
286 2380 363 2444 licet
390 2379 548 2445 maximas
578 2384 611 2444 et
640 2380 767 2466 agimus
798 2385 830 2446 et
857 2381 1029 2465 habemus3
1063 2381 1179 2445 deinde

160 2470 229 2531 fore
262 2466 465 2552 pollicemur,
498 2473 536 2532 ut
568 2472 674 2533 exstet
705 2469 754 2533 sui
784 2468 927 2534 muneris
956 2468 1115 2534 memoria
1146 2469 1182 2535 in

161 2576 262 2618 annos
297 2554 455 2637 plurimos
487 2556 572 2620 inter
604 2560 793 2622 ornamenta
828 2557 957 2642 templi,
993 2557 1029 2622 in
1062 2558 1182 2623 animis

160 2663 238 2707 uero
268 2643 388 2708 nostris
418 2665 594 2728 numquam
624 2647 858 2733 exstinguatur.
908 2645 1046 2710 interim
1078 2647 1182 2731 preci-

122 2749 148 2790 25
162 2732 223 2797 bus
254 2732 419 2818 omnibus,
449 2737 486 2797 ut
508 2733 551 2798 M.
574 2732 613 2798 V.
643 2740 803 2820 perpetuo
831 2736 914 2799 bene
942 2734 1000 2819 sit,
1032 2757 1182 2820 quaeque

162 2827 291 2907 optant,
320 2821 457 2887 feliciter
485 2845 703 2909 prospereque
732 2823 896 2908 eueniant,
923 2846 943 2887 a
966 2823 1101 2888 caelesti
1126 2846 1185 2889 nu-

161 2912 247 2976 mine
271 2916 427 2996 petemus.
474 2912 609 2995 Romae,
631 2911 732 2977 XVH.
756 2912 827 2977 Kal.
850 2912 916 2977 Ian.
939 2911 1142 3015 nIDLXJX4

563 3216 777 3223 m-
