2452 3862
124 111 168 176 64
391 114 477 173 XXX.
496 115 590 174 Marco
609 117 730 175 Antonio
748 119 865 176 Murato.

16 278 21 286 “
126 280 167 345 ad
180 277 294 348 Sebosi
308 279 460 369 Amiique
479 282 653 350 aduentum
671 280 918 371 ingemiscentis.
945 277 1022 362 Hui,
1037 295 1121 340 unum

126 392 167 436 ne
182 369 349 458 Sebosum,
371 395 472 439 unum
493 374 599 440 habeo
613 373 765 440 Arrium?
791 369 942 437 uidelicet
961 366 1123 444 sexcentos,

127 460 246 541 quibus
271 461 369 527 uelim
392 464 494 530 nolim
511 464 610 531 horae
630 463 750 530 dandae
769 463 844 527 sunt
862 478 981 523 omnes.
1013 475 1053 517 ex
1069 469 1119 534 qu⁰

125 551 282 628 quantum
305 551 482 639 molestiae,
505 559 661 638 quantum
680 551 824 618 hauriam
842 543 1037 626 acerbitatis,
1057 539 1124 623 ipse»

97 632 180 715 squi
203 657 309 701 meam
333 642 596 703 consuetudinem
620 662 656 701 ao
675 663 764 702 meos
785 638 883 719 plane
907 653 1018 699 sensus
1040 633 1125 724 tenet,

123 719 217 784 facile
240 728 335 806 potes
364 725 527 786 condicere.
572 743 646 780 nam
669 742 737 776 rem
760 723 970 807 familiarem,
999 716 1061 783 etsi
1080 735 1124 779 ml·

121 806 209 872 nime
228 810 366 891 abundo,
388 807 491 868 iacere*
513 808 619 862 tamen
641 816 743 878 aequo
763 798 870 860 animo
888 810 1018 892 patior,
1037 800 1128 871 studii

121 915 198 957 uero
228 917 300 958 mea
325 890 488 974 negligere
510 883 599 948 nullo
622 882 719 947 modo
743 905 881 969 possum.
927 890 981 952 De
1007 900 1069 959 tuo
1090 889 1129 955 ad

121 983 222 1045 uentu
236 1001 326 1062 spem
343 971 530 1039 romuliam
544 970 707 1038 inieceras.
741 996 810 1038 eam
827 995 937 1038 rursus
955 979 1131 1045 extenuant

81 1090 107 1130 10
121 1071 302 1152 postremae
325 1067 399 1126 tuae
421 1058 559 1128 litterae.
598 1085 658 1149 ego
682 1062 764 1128 illud
782 1061 905 1127 scilicet
926 1063 1084 1151 primum,
1107 1068 1136 1131 ut

119 1156 240 1220 habeas
266 1151 424 1217 rationem
451 1151 661 1236 ualetudinis,
691 1152 829 1217 secundo
857 1151 941 1237 loeo,
968 1153 1060 1236 quod
1084 1158 1137 1218 tuo

120 1243 286 1310 commodo
315 1239 385 1305 fieri
416 1241 533 1329 possit,
562 1245 599 1307 ut
631 1246 664 1305 te
693 1241 789 1306 nobis
812 1240 978 1327 restituas,
1007 1247 1136 1326 exopto.

121 1333 204 1410 Quid
221 1329 363 1396 Molinus
381 1333 514 1398 noster?
547 1330 624 1417 quid
643 1330 734 1417 agit?
771 1329 849 1414 quid
867 1333 976 1393 autem
996 1351 1061 1416 ego
1080 1331 1136 1395 hoc

120 1421 261 1505 quaero?
297 1421 451 1486 nimirum
479 1420 534 1486 ille
562 1424 650 1485 totos
673 1420 740 1484 dies
763 1423 885 1502 tecum,
909 1418 993 1482 idest
1017 1419 1055 1484 111
1077 1419 1135 1483 uir·

79 1530 105 1571 rs
119 1513 188 1574 tute
212 1513 302 1575 totus
321 1514 371 1575 est
389 1532 448 1575 nee
466 1515 557 1574 tuam
580 1508 768 1593 complexus
787 1507 966 1571 doctrinam
991 1507 1134 1593 dimittit,

119 1597 238 1662 iudicio
262 1599 418 1664 adductus
441 1620 513 1684 suo,
540 1621 613 1663 meo
636 1596 770 1663 consilio
794 1596 1011 1660 confirmatus.
1049 1596 1133 1662 Vale.
1184 1640 1186 1651 ·

208 1687 297 1753 Haeo
329 1691 403 1752 ante
433 1688 538 1751 lucem
578 1686 701 1751 cubans
732 1685 767 1749 in
798 1684 916 1748 lectulo
950 1682 1134 1750 amanuensi

119 1798 191 1840 meo
220 1780 253 1840 et
280 1777 346 1840 iam
372 1798 518 1840 meorum
546 1773 726 1839 studiorum
750 1773 835 1838 socio
867 1772 1002 1859 dictaui,
1032 1771 1133 1839 nobili

120 1863 316 1930 adulescenti
341 1863 471 1949 Cyprio,
493 1862 626 1927 Herculi
649 1862 880 1947 Podocatharo,
905 1861 961 1945 qui
986 1882 1059 1927 oras
1080 1861 1133 1926 Pa·

80 1974 106 2016 eo
120 1954 245 2019 tauium
264 1953 387 2041 cogitat
409 1957 506 2038 teque
525 1974 596 2016 meo
615 1951 745 2015 nomine
769 1949 931 2015 salutabit.
969 1949 1028 2014 illa
1048 1971 1136 2034 supe

120 2042 207 2108 riora
229 2043 380 2108 familiari
407 2064 493 2128 meo,
521 2039 711 2107 Sebastiano
734 2039 848 2123 Leoni,
871 2037 1072 2104 dictaueram
1094 2039 1136 2103 111-

120 2134 304 2221 ambulans,
336 2132 422 2219 quod
450 2153 536 2196 eram
568 2129 678 2216 paullo
712 2127 839 2192 crudior
874 2148 933 2191 neo
966 2128 1034 2192 fere
1069 2148 1136 2193 mea

120 2246 219 2290 manu
240 2225 382 2290 libenter
408 2221 457 2286 uti
481 2221 576 2286 soleo.
623 2219 746 2303 [Mense
769 2215 918 2302 Augusto
941 2214 1136 2300 MDLVfflJ

578 2637 678 2703 XXX.

81 2804 106 2846 a
202 2779 328 2847 Marco
351 2780 522 2846 Antonio
544 2779 694 2846 Mureto
718 2779 922 2846 Patauium
945 2788 1063 2867 (111,o).

210 2925 259 2989 Tu
282 2924 364 3010 uide,
388 2923 439 2989 cui
463 2922 654 2989 committas.
696 2945 756 3008 ego
780 2922 867 2987 enim
890 2921 985 2987 binas
1008 2927 1138 2989 tantum

121 3013 238 3094 accepi.
284 3013 450 3097 prioribus
482 3012 634 3096 respondi
664 3012 783 3076 nudius
816 3011 933 3076 tertius
965 3033 1136 3096 meamque

120 3098 183 3162 tibi
211 3101 249 3162 de
276 3101 473 3166 Bononiensi
500 3123 535 3165 re
565 3123 632 3165 non
658 3100 753 3165 modo
784 3099 991 3184 sententiam,
1023 3123 1137 3166 uerum

121 3186 219 3252 etiam
241 3188 442 3254 uoluntatem
466 3189 599 3253 ostendi.
645 3189 696 3252 his
720 3188 838 3274 alteris,
863 3210 944 3272 quae
968 3188 1051 3253 mihi
1069 3187 1137 3254 red-

81 3300 107 3343 eo
121 3277 206 3342 ditae
230 3280 306 3340 sunt
324 3276 394 3341 heri
413 3277 554 3360 uesperi,
582 3277 609 3341 si
627 3298 696 3341 rem
715 3281 841 3362 specto,
859 3276 1035 3343 rescribere
1054 3276 1137 3342 nihil

212 3479 227 3526 1
249 3466 361 3526 ‘Sebosi
379 3467 519 3538 Arriique’
541 3467 598 3525 Cic.
617 3468 654 3524 ad
673 3469 759 3525 Attio.
773 3469 808 3540 11,
825 3474 865 3525 15.
