2452 3862
400 146 481 203 LXX.
504 144 654 200 Francisco
673 144 818 201 Morando.
1053 147 1117 209 145

100 312 182 375 sime
206 312 308 394 fruor,
336 330 513 392 numquam
542 307 685 391 omnino,
714 306 826 391 quanti
851 312 971 393 essent,
1000 307 1117 372 intelli-

100 422 177 485 gere
200 398 386 483 potuissem.
424 397 533 481 itaque
557 400 615 479 est,
638 419 694 460 cur
713 396 888 460 immortali
905 396 975 461 Deo
995 398 1117 482 gratias

100 510 195 573 agam
218 487 420 570 habeamque
443 484 614 570 maximas,
642 484 729 567 quod
752 483 832 548 mihi
856 484 1022 549 occasione
1046 508 1117 571 gra-

100 575 224 640 uissimi
251 575 358 640 morbi
386 573 549 639 missionis
576 596 596 637 a
618 571 775 637 Pontifice
802 573 960 656 petendae
987 573 1115 657 ipsique

98 664 249 729 Pontifici
281 663 501 729 concedendae
533 665 676 726 mentem
707 661 861 725 attulerit.
908 662 1029 746 alioqui
1057 685 1115 727 nec
1143 684 1155 725 s

99 753 179 818 satis
202 753 352 818 decorum
375 755 541 835 putassem
563 772 622 814 nec
650 772 804 834 umquam
832 751 961 814 omnino
986 751 1115 815 commi-

99 843 229 925 sissem,
269 845 306 906 ut
343 844 417 904 ante
454 844 582 923 pactam
620 838 704 903 diem
740 838 910 925 negotium
946 839 1115 923 publicum

97 930 286 1014 Vrbemque
312 929 536 1012 relinquerem.
586 926 624 991 ln
652 927 794 991 discessu
824 928 992 992 commoda
1021 950 1115 1011 quae-

98 1019 173 1082 dam
204 1019 418 1103 sperabantur
442 1038 502 1081 nec
532 1015 635 1080 defuit
666 1015 933 1080 intercedentium
964 1016 1113 1102 dignitas

95 1107 281 1193 auctoritas,
305 1106 424 1193 gratia:
451 1104 535 1169 ratio
559 1108 745 1187 temporum
768 1109 817 1169 est
840 1105 1009 1169 aduersata
1030 1105 1113 1169 Pon·
1128 1129 1153 1169 ro

94 1196 195 1282 tifice,
221 1200 339 1261 natura
361 1192 604 1278 liberalissimo,
627 1192 798 1257 Turcioum
821 1192 943 1257 bellum
967 1197 1000 1257 et
1023 1216 1112 1276 prae-

95 1284 197 1349 sentis
206 1283 375 1367 futurique
390 1286 540 1366 sumptus
552 1281 779 1345 necessitatem
789 1286 971 1345 excusante.
994 1282 1113 1346 mirum

95 1373 129 1435 id
158 1372 261 1436 uideri
287 1370 460 1435 nonnullis.
506 1392 566 1456 ego
572 1421 581 1456 ,
609 1369 665 1453 qui
689 1369 924 1453 propemodum
947 1369 994 1454 id,
1027 1371 1113 1453 quod

96 1459 222 1544 accidit,
245 1459 398 1543 opinione
416 1459 481 1524 iam
499 1479 735 1542 praeceperam,
756 1480 913 1522 nonaum
932 1462 1111 1523 commotus

94 1548 233 1633 ipsoque
255 1547 419 1613 missionis
440 1547 633 1632 impetratae
656 1568 787 1611 munere
811 1551 982 1611 contentus
1006 1550 1111 1611 cetera
1126 1569 1151 1609 15

94 1658 162 1701 non
185 1637 321 1701 dixerim
349 1633 498 1721 equidem
520 1640 741 1721 contemnens,
769 1634 825 1700 sed
848 1639 934 1699 certe
957 1657 1023 1700 non
1046 1658 1110 1699 ma-

93 1725 173 1788 ximi
189 1724 341 1809 pendens,
355 1724 415 1790 otii
434 1723 568 1809 cupidus
586 1724 691 1788 nihilo
709 1724 825 1789 laetior
843 1724 982 1790 discessi.
1014 1723 1110 1790 Nunc

91 1814 198 1878 habeo
231 1836 303 1879 cum
336 1813 522 1878 ualetudine
554 1813 730 1899 negotium.
777 1812 845 1877 eius
875 1812 961 1877 enim
993 1813 1110 1899 morbi,

92 1924 157 1985 quo
181 1925 232 1966 me
256 1903 332 1987 scis,
358 1903 482 1968 Romae
506 1901 583 1967 dum
607 1923 723 1987 essem,
749 1923 809 1966 nec
832 1923 948 1986 parum
971 1901 1026 1966 din
1048 1923 1109 1966 nec

91 1989 209 2053 leuiter
235 1990 419 2077 laborasse,
446 1988 601 2055 molestae
633 1990 805 2055 admodum
836 1991 991 2075 reliquiae
1022 1995 1106 2056 sunt.
1122 2014 1147 2053 20

93 2077 158 2162 sed,
181 2082 218 2140 ut
242 2100 351 2163 spero,
378 2076 518 2143 sublatis
545 2077 610 2143 iam
633 2078 766 2163 caussis,
795 2101 876 2163 quae
899 2080 1050 2144 morbum
1074 2084 1107 2144 et

92 2169 283 2249 pepererant
298 2170 331 2231 et
351 2165 492 2251 alebant,
511 2165 681 2232 sedulitate
700 2189 736 2231 ac
754 2167 842 2231 fideli
856 2189 1003 2231 meorum
1022 2189 1106 2252 cura,

92 2254 266 2318 adiuuante
298 2254 395 2319 etiam
426 2253 524 2319 huius
556 2255 649 2341 caeli,
680 2256 767 2339 quod
798 2256 831 2319 in
863 2254 968 2319 lucem
1001 2255 1106 2318 editus

92 2342 235 2425 primum
257 2342 360 2427 hausi,
382 2342 586 2429 benignitate
609 2344 702 2408 breui
726 2344 856 2408 omnino
876 2344 1105 2408 conualescam.

90 2430 140 2494 Tu
163 2430 286 2495 interea
309 2432 372 2515 fac,
400 2453 441 2496 ne
465 2431 607 2496 officium
635 2432 810 2496 desiderem
832 2432 1014 2497 litterarum
1037 2434 1105 2496 tua
1119 2453 1144 2492 25

88 2542 169 2583 rum.
217 2518 304 2585 Vale.
328 2519 483 2586 Venetiis.
531 2519 698 2607 [MDLXX
721 2520 917 2606 auctumno.]

490 2753 703 2762 —-.—-—

545 2943 642 3008 LXX.

216 3085 420 3150 Francisco
444 3084 628 3151 Morando
651 3081 841 3148 Veronam
872 3091 908 3157 (X
937 3091 971 3159 6).

176 3226 264 3305 Quae
292 3249 344 3291 me
376 3247 506 3292 caussae
538 3225 670 3290 minime
702 3227 818 3288 natura
849 3225 1028 3308 proeliuem
1059 3227 1099 3289 ad

84 3338 170 3381 noua
194 3315 328 3381 consilia
350 3335 437 3379 nunc
457 3314 656 3399 impulerint,
679 3317 717 3378 nt
738 3313 907 3400 negotium
934 3313 1015 3378 illud
1036 3315 1099 3378 Ro·
1113 3322 1139 3360 ³⁰

85 3425 230 3488 manum,
264 3403 350 3489 quod
376 3402 455 3468 Pius
480 3402 575 3468 Pont.
598 3402 683 3467 Max.
717 3402 826 3468 decem
857 3402 976 3468 abhinc
1006 3402 1099 3466 annis

84 3493 263 3557 honorifico
296 3491 548 3577 quingentorum
584 3495 783 3557 scutatorum
819 3491 983 3574 stipendio
1017 3490 1106 3551 mibi

136 3607 159 3648 Ρ.
173 3606 276 3649 Munatii
289 3607 406 3658 epistulae
421 3607 530 3652 selectae.
870 3599 909 3644 l&
