2452 3862
153 177 218 242 114
512 171 570 227 LII.
596 169 688 226 Mario
704 168 826 227 Niaolio.

153 340 241 405 ronis
269 335 427 419 exemplis
455 336 620 419 professus
653 355 694 398 es.
744 332 881 398 nimium
910 332 965 398 diu
989 334 1108 419 debes,
1138 339 1188 404 mi

154 426 276 512 Nizoli,
306 424 392 509 quod
422 422 500 488 olim
529 420 718 507 petentibus
747 443 767 485 a
793 425 827 485 te
853 421 962 487 tribus
994 424 1188 493 familiaris-

156 514 246 581 simis
269 514 335 579 tuis
358 516 497 596 tuaeque
521 511 643 598 gloriae
662 509 887 596 cupidissimis
909 511 1008 576 Petro
1028 512 1187 601 Bunello,

154 603 256 668 Paulo
280 600 449 687 Magnulo,
478 600 571 685 mihi,
599 604 677 664 tunc
700 598 953 685 adolescentulo,
980 623 1082 686 saepe
1107 627 1186 688 pro-

128 691 282 757 misisti.
326 713 387 756 nec
409 694 519 754 tamen
542 710 657 775 urgere
680 691 714 752 te
737 686 851 771 audeo,
878 689 1045 755 hominem
1070 697 1186 759 aetate

154 781 332 865 infirmum,
370 777 471 843 oculis
502 799 570 842 non
601 778 684 841 bene
716 779 875 862 utentem,
907 777 1042 860 publico
1078 782 1183 863 etiam

154 869 288 934 docendi
311 889 444 933 munere
474 866 665 931 districtum.
710 865 766 929 scd
787 886 893 930 meam
916 868 1113 932 sententiam
1139 871 1184 936 de

154 980 188 1021 re
208 957 375 1022 dicendam
393 955 518 1040 putaui.
554 954 589 1018 in
612 975 676 1038 quo
694 953 797 1019 habui
819 954 978 1019 rationem
1001 955 1035 1020 in
1057 958 1181 1039 primis

155 1045 350 1110 ualetudinis
382 1049 478 1128 tuae,
502 1043 638 1125 ueritus,
670 1063 724 1126 ne,
757 1062 831 1107 cum
860 1043 963 1108 multa
990 1059 1087 1108 senex
1117 1047 1174 1107 ad-

115 1160 143 1199 ιο
155 1134 286 1198 modum
324 1132 516 1217 susceperis,
553 1131 661 1196 omnia
696 1132 838 1215 perferre
876 1131 931 1197 uix
963 1131 1074 1216 poesie.
1126 1132 1171 1195 de

154 1227 301 1307 tempore
324 1227 433 1287 autem
456 1221 518 1285 etsi
540 1220 605 1284 iam
632 1219 773 1284 indicaui
799 1242 865 1284 non
893 1225 968 1303 tam,
994 1219 1073 1303 quid
1096 1241 1177 1306 ego,

155 1334 252 1396 quam
284 1311 361 1396 quid
394 1330 504 1375 omnes
537 1311 705 1395 cuperent,
738 1311 848 1373 tamen
880 1308 1098 1374 moderaberis
1132 1331 1177 1374 ex

155 1401 327 1487 prudentia
350 1404 407 1464 tua
430 1402 463 1463 et
487 1419 524 1462 eo
553 1397 683 1483 quidem
706 1397 826 1482 animo,
857 1401 895 1462 ut
921 1397 956 1462 in
977 1417 1097 1483 magna
1121 1419 1179 1463 ex-

154 1489 354 1573 spectatione
377 1509 437 1553 nos
461 1508 589 1572 quoque
617 1487 655 1550 de
683 1489 740 1550 tuo
768 1484 935 1551 commodo
962 1486 1180 1553 uehementer

114 1600 140 1640 15
154 1577 301 1642 laborare
320 1577 383 1641 tibi
406 1575 606 1662 persuadeas.
642 1573 812 1660 Equidem,
834 1575 862 1638 si
879 1595 932 1639 me
950 1573 1051 1660 audis,
1076 1575 1179 1641 etiam

154 1665 235 1730 illud
258 1666 426 1751 suaserim,
452 1687 493 1730 ne
521 1665 561 1728 ad
583 1664 705 1750 figuras
731 1665 895 1728 oratorum
917 1662 1037 1728 similia
1061 1686 1179 1751 aggre-

155 1776 248 1840 gares
278 1757 447 1837 poetarum
474 1752 553 1817 loca.
600 1773 753 1836 quorsum
783 1751 890 1816 enim?
931 1771 1005 1816 cum
1035 1753 1078 1816 ab
1110 1775 1178 1819 uno

156 1841 307 1905 Cicerone
331 1841 435 1904 omnis
457 1842 590 1905 ubertas
614 1846 648 1905 et
666 1840 757 1925 quasi
780 1839 863 1905 silua
880 1843 951 1905 tum
968 1861 1080 1906 rerum
1102 1846 1179 1907 tum

155 1928 330 1993 uerborum
359 1928 442 1992 sumi
469 1929 582 2012 possit.
629 1929 715 2014 quod
742 1928 770 1993 si
797 1929 904 2014 poetis
930 1928 1085 2012 prodesse
1115 1931 1178 2018 uis,

114 2041 140 2080 ro
153 2016 215 2080 hoc
243 2035 371 2100 quoque
401 2015 575 2102 separatim
602 2017 672 2082 fiat:
703 2019 785 2082 bene
814 2014 976 2082 locabitur
1002 2017 1178 2084 industria.

153 2126 213 2169 nec
237 2126 298 2191 ego
321 2128 475 2190 aspernor
498 2127 536 2171 ea
559 2106 678 2192 studia,
708 2125 790 2190 quae
818 2105 902 2171 colui
930 2105 1119 2172 adolescens
1144 2113 1180 2174 et

155 2217 292 2280 quorum
322 2217 384 2281 ope
413 2196 517 2260 fateor
548 2218 600 2260 me
633 2195 673 2258 ad
704 2194 846 2278 aliquam
878 2194 1011 2259 oratorii
1042 2198 1178 2262 numeri

154 2284 321 2349 scientiam
351 2284 445 2349 facile
474 2283 668 2368 peruenisse.
718 2304 804 2347 nuno
833 2283 978 2347 elabores
1008 2283 1110 2348 uelim
1144 2291 1179 2351 et

153 2373 236 2437 hauc
272 2395 370 2438 unam
406 2378 439 2437 et
476 2373 656 2456 simplicem
692 2370 849 2457 omnium,
885 2375 922 2436 ut
959 2393 1019 2457 ego
1057 2374 1178 2461 sentio,

113 2481 141 2522 2⁵
154 2461 328 2524 maximam
360 2482 397 2524 ac
429 2460 652 2526 difficillimam
685 2459 886 2544 eloquentiae
918 2465 1054 2543 partem.
1107 2483 1178 2546 quo

153 2548 188 2611 in
211 2569 327 2632 genere
357 2547 426 2611 siue
453 2552 490 2612 tu
522 2549 696 2615 uerborum
724 2549 793 2613 siue
820 2548 1053 2613 sententiarum
1081 2572 1177 2615 orna-

153 2639 262 2699 menta
285 2656 427 2723 quaeras,
449 2658 515 2701 non
538 2637 641 2724 uideo,
664 2657 721 2702 our
743 2658 807 2702 uno
827 2635 979 2702 Cicerone
998 2641 1178 2723 contentus

154 2746 222 2789 esse
254 2746 319 2789 non
348 2724 461 2811 possis.
512 2725 592 2790 mihi
622 2726 765 2812 quidem,
795 2746 868 2791 oum
897 2725 1071 2791 immensas
1102 2728 1177 2793 eius

154 2836 232 2898 opes
255 2814 391 2879 intentis
416 2815 517 2879 oculis
546 2815 761 2900 contemplor,
789 2836 882 2901 egere
910 2814 1074 2879 interdum
1097 2814 1176 2900 ipsa

112 2923 140 2964 ao
153 2925 255 2988 paene
280 2903 413 2969 Graecia
436 2903 573 2968 uidetur.
619 2908 705 2967 certe
734 2903 772 2966 de
795 2903 930 2989 nostris,
954 2903 1009 2987 qui
1032 2903 1074 2966 ad
1098 2926 1176 2969 ean-

154 2991 226 3055 dem
248 2992 377 3056 laudem
399 2992 562 3077 adspirare
585 2992 737 3077 potuerit,
759 3014 864 3077 neque
882 2991 983 3056 fuisse
1002 2995 1099 3056 antea
1118 3016 1176 3058 ne·

153 3100 215 3163 que
234 3079 303 3143 fore
323 3103 516 3166 quemquam
530 3084 619 3165 puto.
649 3080 736 3167 Dixi,
755 3081 834 3164 quid
848 3081 1011 3166 sentirem,
1029 3081 1174 3166 ingenue

151 3187 211 3250 pro
239 3189 310 3230 mea
338 3170 581 3254 consuetudine,
607 3169 747 3234 libenter
773 3192 833 3253 pro
861 3192 970 3235 amore
996 3170 1032 3234 in
1060 3174 1093 3234 te
1117 3194 1174 3235 ue

151 3254 285 3320 terrimo
309 3259 406 3341 atquc
427 3258 606 3324 uerissimo.
652 3263 691 3322 tu
713 3258 792 3343 quid
819 3261 958 3344 statuas,
987 3262 1099 3322 utrum
1123 3260 1174 3324 in-

108 3343 270 3409 restituta
300 3350 490 3432 commutes,
522 3369 578 3432 an,
609 3352 647 3411 ut
677 3345 827 3434 coepisti,
858 3368 988 3433 pergas,
1020 3369 1082 3430 pro
1110 3351 1173 3412 tua

146 3431 307 3521 singarlari
335 3432 495 3520 sapientia
522 3434 690 3503 iudicabis.
736 3434 991 3502 Commentarios
1019 3456 1109 3500 meos
1134 3437 1173 3502 in

130 3523 297 3606 qarbtolas
331 3524 517 3623 Ciceronis,
557 3550 642 3618 quae
668 3525 866 3592 Familiares
890 3527 1067 3605 uocantur,
1096 3545 1177 3588 cum
