2452 3862
353 191 452 248 XVIII.
480 191 526 246 Ad
543 191 692 246 Αιιοιιιιιιιι
711 189 849 248 Οιιιιιιιιι.
1065 190 1108 254 39

95 352 293 419 obsoleuisse
316 352 381 418 iam
405 358 436 418 ιι
460 353 640 418 extinctam.
655 375 757 438 paene
776 357 879 417 totam
898 374 975 417 esse.
1010 375 1107 437 quam

95 442 180 505 enim
203 442 300 507 hodie
321 442 501 528 nationem,
525 446 564 506 ut
591 463 702 506 omnes
729 441 836 506 animo
860 440 1108 527 perlustrentur,

95 529 213 593 Latina
241 530 353 614 loqui?
394 530 484 615 quod>
512 552 590 594 uero
622 553 663 595 er
696 552 733 594 ea
765 529 906 613 supersit
937 529 973 594 in
1004 529 1107 616 libris,

97 617 265 683 minimum
287 619 321 682 id
344 641 423 704 esse,
445 624 611 720 tamquam
634 618 765 703 aliquod
786 618 881 682 inane
904 617 1110 684 simulacrum

94 707 239 790 corporis
263 707 428 772 exanimis.
466 707 615 791 quocirca
633 729 738 791 neque
762 706 1015 793 semiperfecta
1035 730 1108 772 curn
1135 728 1149 770 ι

94 794 245 880 exiguam
272 800 399 880 partem
428 795 508 860 libri
535 796 735 880 contineant,
766 817 871 880 neque
903 796 1107 879 pronuntiari

95 881 252 971 decenter,
275 905 347 949 cum
371 884 527 950 sermonis
550 907 628 949 usus
651 847 827 970 euariuerit,
851 906 871 947 a
887 883 984 948 nobis
1003 907 1107 968 posse.

93 937 252 1037 Secundo
262 973 388 1038 locost
373 977 518 1038 tatunnt:
545 977 583 1036 ut
605 972 755 1038 absolute
722 971 917 1058 tpercipi,
946 973 1032 1056 quod
1055 996 1107 1038 ne-

91 1064 188 1145 gant,
217 1061 288 1125 Lat
264 1065 333 1126 tina
364 1062 478 1149 lingua
508 1062 626 1147 possit,
657 1061 768 1126 mirari
801 1083 839 1126 ιι
868 1065 977 1126 tamen
1009 1061 1107 1127 etiam

91 1151 190 1232 atque
215 1149 325 1236 etiam,
353 1171 410 1215 cur
432 1150 659 1215 industriam
650 1173 685 1215 ιιι
708 1172 745 1214 ea
772 1149 958 1215 discendat
944 1155 1012 1215 tam
1035 1149 1102 1215 diu·
1117 1172 1145 1213 ro

91 1240 222 1302 turnarn
245 1261 411 1321 ponamus.
456 1239 539 1303 uitio
563 1238 692 1322 quidem
720 1239 753 1302 id
776 1239 846 1302 fieri
869 1238 1048 1303 uoluntatis
1072 1244 1104 1303 et

91 1323 211 1389 iudicii.
249 1326 441 1412 dignitatem
464 1327 499 1391 in
521 1349 557 1390 re
579 1330 703 1391 tantam
725 1348 792 1390 non
814 1348 892 1411 esse,
914 1331 952 1390 ut
974 1327 1106 1391 haerere

92 1435 153 1496 per
179 1417 233 1476 tot
257 1436 358 1479 annos
384 1416 419 1478 in
447 1415 510 1479 hoc
538 1414 645 1478 studio
674 1414 856 1478 debeamus.
903 1411 1106 1479 Concludunt

92 1505 271 1583 postremo:
300 1507 338 1566 ut
365 1501 406 1565 de
428 1502 571 1586 perfecta
594 1501 793 1588 cognitione,
821 1502 862 1565 de
887 1502 1046 1588 dignitate
1070 1525 1106 1567 ac

91 1590 294 1672 praestantia
315 1590 517 1676 concedatur,
538 1595 647 1655 tamen
665 1611 743 1674 ιιιι,
767 1611 840 1655 cum
863 1611 900 1654 ea
918 1591 1013 1674 pulsa
1036 1613 1103 1656 suc
1119 1612 1144 1653 ιι

90 1677 224 1743 ιιιιιιιι
256 1678 332 1764 alia,
368 1679 500 1744 minime
528 1678 748 1745 necessariam.
803 1680 882 1744 haec
916 1679 984 1764 isti,
1023 1703 1104 1764 quae

89 1766 198 1849 specie
221 1767 344 1852 aliquid
365 1768 533 1833 uidentur:
561 1789 622 1855 ego
651 1790 685 1832 re
708 1767 791 1832 nihil
818 1790 900 1855 esse,
924 1768 952 1832 si
976 1769 1103 1854 quando

90 1876 142 1919 me
174 1861 342 1939 praesente
373 1857 593 1944 disputentur,
625 1857 771 1922 concedo.
828 1856 988 1922 Conuenit
1019 1857 1105 1922 inter

89 1965 149 2008 nos
172 1966 241 2010 esse
264 1944 387 2030 aliquid
409 1946 444 2010 in
462 1946 614 2011 omnibus
632 1945 844 2018 facultatibus
861 1949 959 2030 atque
977 1947 1105 2011 artibus

89 2036 279 2098 extremum.
321 2055 385 2117 quo
407 2038 519 2098 nostre
542 2034 648 2098 studia
671 2055 745 2098 cum
767 2035 988 2119 peruenerint,
1016 2035 1103 2118 quie·
1118 2054 1145 2094 ιο

88 2121 251 2184 scendum.
284 2121 341 2185 sed
363 2121 424 2185 hoc
443 2126 624 2203 extremum
643 2121 763 2205 quibus
776 2122 923 2187 terminis
941 2123 1103 2207 metimur,

89 2208 137 2272 rei
159 2230 200 2271 ne
223 2212 354 2294 natura,
382 2227 424 2272 an
446 2209 539 2294 uulgi
562 2209 736 2292 opinione?
774 2209 802 2272 si
825 2209 978 2292 opinione
1000 2211 1103 2294 uulgi,

88 2296 167 2359 licet
190 2297 426 2380 propemodum
448 2296 552 2361 otiose
574 2296 699 2360 uiueret
727 2295 913 2381 mediocria,
941 2317 1025 2381 quae
1046 2320 1103 2381 pu·

89 2387 202 2449 tantur
224 2385 388 2471 excellere,
412 2404 610 2470 quaeramus.
648 2384 682 2448 id
700 2383 778 2449 satis
797 2389 854 2449 est.
891 2384 947 2449 illa
971 2407 1104 2471 summa,

88 2473 147 2536 ubi
180 2493 341 2538 summum
377 2472 474 2539 decus
510 2473 652 2559 habitat,
689 2495 771 2558 quae
807 2474 926 2560 uulgus
962 2473 1142 2561 ignoratas

89 2561 285 2627 omittamua
331 2562 382 2628 ain
412 2568 596 2628 extremum·
624 2562 705 2626 illud
737 2584 806 2628 esse
835 2562 999 2649 uolumus,
1037 2587 1100 2648 quo

88 2655 283 2733 peruentum
306 2672 380 2717 cum
403 2656 461 2737 est,
484 2651 637 2738 progredi
655 2650 786 2737 longius
803 2652 972 2737 nonlicet,
994 2653 1100 2717 mode-

89 2743 160 2802 rata
195 2739 303 2803 studia
337 2762 404 2805 non
440 2740 564 2805 dantur.
614 2740 791 2823 perfectam
828 2739 913 2805 enim
950 2739 1102 2805 scientiae

87 2826 216 2892 laudem
248 2828 383 2912 adipisci
415 2828 548 2893 maximi
576 2829 684 2912 operis
699 2833 769 2894 est.
815 2828 925 2912 itaque
957 2829 1019 2893 hoc
1051 2849 1102 2891 ex-

88 2919 242 3000 tremum,
278 2916 379 3001 quod,
415 2917 543 3002 opinor,
575 2915 701 2982 Natura
733 2916 825 2980 nouit
858 2937 936 2999 una,
971 2915 1100 3000 sapiens
1114 2939 1140 2980 ιι

87 3023 183 3068 nemo
210 3026 364 3088 umquam
391 3026 426 3070 se
453 3005 583 3089 putauit
611 3026 680 3069 esee
710 3008 925 3068 consecutum.
972 3009 1100 3070 exstant

86 3091 271 3157 litterarum
307 3093 493 3158 clarissimis
529 3097 649 3159 testata
684 3092 916 3176 monumentis,
952 3094 1100 3178 exempla

85 3201 287 3246 summorum
314 3182 592 3266 philosophorum
638 3181 694 3266 qui
722 3203 796 3246 cum
822 3185 962 3247 aetatem
989 3183 1024 3247 in
1047 3183 1100 3245 ab·

85 3268 228 3334 ditatum
250 3290 357 3335 rerum
381 3271 612 3354 perscrutanda
633 3271 752 3336 notitia
770 3271 998 3336 contriuissent
984 3270 1099 3335 t-mul

84 3361 185 3458 taque
212 3358 332 3442 partim
361 3359 498 3446 legendo
527 3359 648 3443 partim
675 3359 849 3446 cogitando
875 3359 1039 3443 praeclara
1066 3360 1098 3420 et
1113 3375 1139 3417 ιι

83 3446 206 3510 eximia
231 3447 441 3530 reperissent,
413 3447 610 3512 tlateret
612 3469 705 3511 amen
731 3448 837 3512 adhuc
860 3445 987 3531 magnis
1009 3445 1098 3507 inuo-

84 3533 189 3599 lutam
219 3497 467 3600 difflcultatibirs
494 3535 666 3600 ueritatem
693 3539 727 3599 et
756 3534 879 3618 aliquid
908 3532 972 3596 sibi
1001 3535 1099 3614 atque
