2452 3862
359 214 465 270 xxm.-
485 214 635 271 Vincentio
653 213 767 270 Stellae.
1028 215 1072 281 53

57 376 248 462 cherrimae,
272 377 327 461 qui
351 399 454 442 essem
475 377 595 442 litteris
619 381 651 441 11
675 376 742 442 1111
764 380 797 441 11
819 376 878 440 filii
902 376 964 462 tui,
987 376 1072 440 idest

56 466 228 550 utriusque
246 465 321 551 tuis,
344 465 562 531 amantissime
581 466 747 550 inuitatus,
771 487 808 530 1ο
827 488 878 530 me
897 465 1071 529 reuocabat

55 553 252 707 lunt?
253 553 1071 728 011111111111111111113ῗὲἓὲ

56 731 211 817 progredi
233 694 354 816 liceret,
377 731 569 817 cogitabam.
606 754 643 796 ac
666 753 762 815 saepe
785 752 910 795 mecum
934 731 991 795 sic:
1018 729 1072 795 An
1099 755 1113 795 s

55 825 96 884 tu
119 820 159 883 ad
181 820 358 905 hominem,
382 842 478 904 quem
500 843 677 905 numquam
700 819 880 884 allocutus?
913 841 1009 903 quem
1031 843 1072 884 11

56 908 170 973 uidisti
203 908 354 992 quidem?
397 908 477 972 adde
511 932 606 993 quem
637 909 758 991 uirum,
791 931 888 993 quam
918 908 1072 992 nobilem,

57 1019 157 1081 quam
182 1020 327 1083 grauem,
356 1019 453 1080 quam
481 997 663 1062 districtum
690 997 818 1084 magnis
846 995 964 1061 rebus?
1012 1019 1072 1082 ego

56 1088 168 1150 autem
192 1085 286 1168 quis?
322 1085 469 1150 infirmus
490 1089 607 1150 natura
630 1107 769 1172 semper,
792 1107 877 1150 nunc
900 1085 997 1149 etiam
1020 1107 1074 1149 ua-

56 1173 202 1237 letudine
226 1174 414 1260 impeditus,
442 1175 604 1259 exquisita
632 1175 769 1260 quadam
793 1174 918 1239 ratione
942 1177 974 1237 et
998 1194 1074 1237 cura
1089 1199 1115 1238 11

58 1262 207 1326 tuendus.
245 1261 486 1328 contendebam
509 1263 658 1347 equidem
681 1284 754 1327 cum
776 1263 883 1327 animo
907 1284 993 1346 meo,
1015 1283 1074 1325 nec

59 1351 125 1416 uici
144 1351 246 1435 facile,
270 1351 326 1415 sed
343 1351 408 1415 uici
426 1355 536 1415 tamen
554 1350 726 1434 aliquando
746 1354 779 1414 11
798 1349 924 1414 decreui
944 1348 1074 1412 omnino

57 1439 100 1504 ad
128 1461 186 1520 uos
216 1439 322 1523 primo
351 1461 479 1523 quoque
508 1443 655 1521 tempore
684 1460 736 1502 mc
764 1439 916 1502 conferre.
963 1458 1076 1500 uereor

59 1529 155 1613 enim,
179 1527 255 1592 dum
277 1526 473 1592 ualetudinis
497 1526 699 1592 commodum
720 1529 873 1609 exspecto
897 1528 930 1589 ct
953 1524 987 1588 id
1005 1547 1076 1610 ago,

59 1619 111 1701 ut,
142 1638 221 1700 quas
249 1616 383 1681 morbus
406 1616 539 1701 ademit,
568 1615 653 1681 uires
681 1615 845 1701 colligam,
875 1613 910 1678 in
936 1613 1076 1678 hiemem
1091 1638 1116 1678 15

59 1727 100 1769 nc
124 1705 272 1791 incidam,
294 1704 378 1770 idest
401 1705 437 1769 11
459 1705 580 1770 imbres
604 1707 636 1770 11
659 1703 790 1790 frigora,
814 1725 950 1788 quorum
974 1702 1076 1766 altero

59 1793 146 1858 uires
177 1797 441 1880 corrumpuntur,
473 1794 612 1859 alterum
643 1793 706 1858 scis
739 1815 807 1858 esse
838 1797 944 1880 λεπτῷ
975 1789 1077 1877 χρωτὶ

59 1884 318 1967 πολεμιώτατον.
363 1904 438 1947 nam
470 1883 564 1967 illud,
596 1882 631 1946 in
663 1904 727 1966 quo
759 1880 823 1946 tibi
855 1882 991 1946 fortasse
1023 1879 1078 1943 uel

60 1970 247 2034 domesticis
269 1970 335 2034 tuis
362 1970 599 2035 incommodare
626 1992 697 2036 mea
724 1969 878 2034 mollities
906 1972 938 2033 11
966 1968 1077 2052 paullo

60 2057 260 2122 fastidiosior
283 2057 317 2120 in
339 2058 430 2120 uictu
453 2056 650 2121 consuetudo
669 2061 788 2142 potest,
811 2057 845 2120 id
866 2079 933 2122 non
957 2061 1077 2140 specto.
1092 2082 1118 2121 11

61 2147 121 2208 111
145 2143 231 2206 enim
254 2143 408 2228 exiguum
429 2144 580 2226 quiddam
603 2145 665 2207 erit
688 2149 722 2207 et
744 2145 865 2207 feretur
887 2143 991 2228 facile,
1013 2149 1079 2230 aut,

63 2232 91 2296 si
115 2253 290 2315 magnum,
312 2229 490 2294 illustrabit
514 2230 750 2315 benignitatem
773 2253 872 2295 suam.
913 2230 1081 2294 Statutum

61 2319 168 2406 igitur
187 2318 225 2381 dc
243 2340 291 2404 re,
311 2340 371 2383 noc
390 2322 447 2407 est,
466 2341 523 2384 cur
541 2318 735 2383 sententiam
752 2321 887 2384 mutem:
906 2316 1080 2383 uidendum

61 2409 102 2472 de
135 2407 260 2472 ratione
292 2407 430 2494 itineris,
468 2430 565 2492 quam
601 2411 639 2474 tu
669 2406 710 2472 ad
741 2429 847 2472 meam
877 2407 1081 2473 uoluntatem

62 2517 235 2580 meumque
259 2495 442 2583 consilium,
473 2519 554 2581 quae
584 2500 641 2561 tua
669 2500 719 2561 cst
745 2497 943 2582 humanitas,
973 2500 1077 2562 totam
1090 2522 1117 2563 aa

62 2586 176 2650 reiicis.
215 2607 275 2671 ego
298 2588 407 2650 autem
429 2585 512 2650 nihil
535 2589 616 2670 puto
640 2586 847 2672 commodine,
869 2585 953 2651 nihil
970 2586 1080 2669 aptius

63 2675 104 2738 ad
127 2673 246 2738 uirium
272 2674 494 2739 infirmitatem
522 2675 777 2759 sustentandam,
806 2697 903 2758 quam
930 2675 1080 2739 lecticula

63 2761 193 2848 gestari.
231 2763 287 2827 sed
309 2763 409 2827 habet
428 2762 551 2847 species
570 2763 635 2849 illa,
659 2764 745 2847 quod
767 2763 808 2826 ad
825 2763 964 2827 Fabium
986 2766 1081 2825 tuum

62 2851 271 2939 scripseram,
302 2850 453 2935 quiddam
479 2851 576 2916 nimis
604 2852 826 2916 honorificum.
876 2872 935 2914 nec
964 2871 1024 2934 ego
1052 2849 1081 2912 is

63 2962 151 3025 sum,
180 2940 249 3025 qui,
277 2940 363 3023 quod
390 2944 523 3024 superat
545 2940 710 3004 fortunam
732 2961 849 3020 meam,
878 2959 916 3001 11
939 2936 1081 3001 libenter
1095 2963 1124 3004 ao

65 3032 147 3092 utar.
193 3049 307 3092 uerum
330 3027 515 3114 ignoscetur
542 3026 735 3109 ualetudini,
764 3048 861 3109 quam
889 3023 967 3089 satis
995 3025 1081 3090 infir-

64 3138 151 3180 mam
186 3119 284 3199 atquc
320 3116 517 3181 imbecillam
549 3137 721 3181 concussus
758 3117 790 3177 ct
827 3114 956 3179 uexatio
988 3114 1082 3180 facile

64 3204 239 3290 frangeret.
292 3204 391 3269 rheda
422 3205 564 3290 quidem,
598 3225 661 3287 qua
690 3225 834 3268 mearum
863 3203 946 3268 bene
977 3204 1083 3287 perita

66 3293 271 3358 curationum
292 3293 408 3358 ancilla
427 3316 500 3359 cum
522 3292 622 3356 filiola
646 3294 678 3355 et
701 3311 802 3375 puero
825 3293 976 3375 uebatur,
1000 3312 1083 3372 opus

63 3385 125 3445 est.
172 3381 251 3446 haec
283 3381 310 3446 si
342 3382 486 3466 habebo,
521 3379 574 3444 uel
606 3378 717 3464 potius
750 3403 823 3445 cum
854 3380 983 3445 habebo
1016 3375 1124 3461 (uisae

157 3579 193 3628 34
213 3573 340 3629 ‘ancilla'
361 3573 557 3641 Margaretha,
575 3572 692 3627 natione
711 3569 870 3624 Slauonica.
