<?xml version="1.0" encoding="UTF-8"?>
<!DOCTYPE html PUBLIC "-//W3C//DTD XHTML 1.0 Transitional//EN"
    "http://www.w3.org/TR/xhtml1/DTD/xhtml1-transitional.dtd">
<html xmlns="http://www.w3.org/1999/xhtml" xml:lang="en" lang="en">
 <head>
  <title>
</title>
<meta http-equiv="Content-Type" content="text/html;charset=utf-8" />
  <meta name='ocr-system' content='tesseract 3.04.00' />
  <meta name='ocr-capabilities' content='ocr_page ocr_carea ocr_par ocr_line ocrx_word'/>
</head>
<body>
  <div class='ocr_page' id='page_1' title='image "./paulimanutiiepi01fickgoog_0143.png"; bbox 0 0 2452 3862; ppageno 0'>
   <div class='ocr_carea' id='block_1_1' title="bbox 152 155 860 225">
    <p class='ocr_par' dir='ltr' id='par_1_1' title="bbox 152 155 860 225">
     <span class='ocr_line' id='line_1_1' title="bbox 152 155 860 225; baseline -0.017 -3"><span class='ocrx_word' id='word_1_1' title='bbox 152 158 217 223; x_wconf 88' lang='lat'>130</span> <span class='ocrx_word' id='word_1_2' title='bbox 458 156 541 212; x_wconf 84' lang='lat' dir='ltr'>LXII.</span> <span class='ocrx_word' id='word_1_3' title='bbox 564 155 736 225; x_wconf 80' lang='lat' dir='ltr'><strong>Hieronymo</strong></span> <span class='ocrx_word' id='word_1_4' title='bbox 755 155 860 222; x_wconf 86' lang='lat' dir='ltr'>Rubeo.</span> 
     </span>
    </p>
   </div>
   <div class='ocr_carea' id='block_1_2' title="bbox 116 316 1183 2796">
    <p class='ocr_par' dir='ltr' id='par_1_2' title="bbox 116 316 1183 2796">
     <span class='ocr_line' id='line_1_2' title="bbox 151 316 1183 406; baseline 0.001 -22"><span class='ocrx_word' id='word_1_5' title='bbox 151 320 289 406; x_wconf 82' lang='lat' dir='ltr'>legendo</span> <span class='ocrx_word' id='word_1_6' title='bbox 314 322 369 382; x_wconf 91' lang='lat' dir='ltr'>aut</span> <span class='ocrx_word' id='word_1_7' title='bbox 397 316 586 404; x_wconf 68' lang='lat' dir='ltr'>cogitando,</span> <span class='ocrx_word' id='word_1_8' title='bbox 609 321 716 381; x_wconf 92' lang='lat' dir='ltr'>totum</span> <span class='ocrx_word' id='word_1_9' title='bbox 743 317 838 403; x_wconf 82' lang='lat' dir='ltr'>iilud,</span> <span class='ocrx_word' id='word_1_10' title='bbox 865 316 1024 401; x_wconf 89' lang='lat' dir='ltr'>quidquid</span> <span class='ocrx_word' id='word_1_11' title='bbox 1055 318 1123 383; x_wconf 87' lang='lat' dir='ltr'>erit</span> <span class='ocrx_word' id='word_1_12' title='bbox 1148 325 1183 385; x_wconf 88' lang='lat' dir='ltr'>et</span> 
     </span>
     <span class='ocr_line' id='line_1_3' title="bbox 153 405 1181 493; baseline 0 -20"><span class='ocrx_word' id='word_1_13' title='bbox 153 413 447 493; x_wconf 86' lang='lat' dir='ltr'>quantumcumque</span> <span class='ocrx_word' id='word_1_14' title='bbox 467 406 537 491; x_wconf 78' lang='lat' dir='ltr'>erit,</span> <span class='ocrx_word' id='word_1_15' title='bbox 560 405 686 489; x_wconf 80' lang='lat' dir='ltr'><strong>prolixe</strong></span> <span class='ocrx_word' id='word_1_16' title='bbox 710 405 772 470; x_wconf 90' lang='lat' dir='ltr'>tibi</span> <span class='ocrx_word' id='word_1_17' title='bbox 791 405 1045 490; x_wconf 85' lang='lat' dir='ltr'>perliberalique</span> <span class='ocrx_word' id='word_1_18' title='bbox 1066 407 1181 473; x_wconf 86' lang='lat' dir='ltr'>animo</span> 
     </span>
     <span class='ocr_line' id='line_1_4' title="bbox 154 493 1183 582; baseline 0.002 -22"><span class='ocrx_word' id='word_1_19' title='bbox 154 502 186 560; x_wconf 86' lang='lat' dir='ltr'>et</span> <span class='ocrx_word' id='word_1_20' title='bbox 210 495 365 580; x_wconf 89' lang='lat' dir='ltr'>polliceor</span> <span class='ocrx_word' id='word_1_21' title='bbox 388 498 420 557; x_wconf 89' lang='lat' dir='ltr'>et</span> <span class='ocrx_word' id='word_1_22' title='bbox 444 494 561 558; x_wconf 85' lang='lat' dir='ltr'>defero.</span> <span class='ocrx_word' id='word_1_23' title='bbox 606 493 692 560; x_wconf 90' lang='lat' dir='ltr'>Nam</span> <span class='ocrx_word' id='word_1_24' title='bbox 714 494 779 580; x_wconf 79' lang='lat' dir='ltr'>issa,</span> <span class='ocrx_word' id='word_1_25' title='bbox 803 515 884 579; x_wconf 88' lang='lat' dir='ltr'>quae</span> <span class='ocrx_word' id='word_1_26' title='bbox 908 494 1063 582; x_wconf 79' lang='lat' dir='ltr'>requiris,</span> <span class='ocrx_word' id='word_1_27' title='bbox 1096 496 1183 562; x_wconf 91' lang='lat' dir='ltr'>eius·</span> 
     </span>
     <span class='ocr_line' id='line_1_5' title="bbox 153 582 1182 669; baseline 0.001 -21"><span class='ocrx_word' id='word_1_28' title='bbox 153 583 240 648; x_wconf 90' lang='lat' dir='ltr'>modi</span> <span class='ocrx_word' id='word_1_29' title='bbox 264 588 348 668; x_wconf 82' lang='lat' dir='ltr'>sunt,</span> <span class='ocrx_word' id='word_1_30' title='bbox 370 587 407 647; x_wconf 91' lang='lat' dir='ltr'>ut</span> <span class='ocrx_word' id='word_1_31' title='bbox 430 583 483 646; x_wconf 89' lang='lat' dir='ltr'>uel</span> <span class='ocrx_word' id='word_1_32' title='bbox 505 582 659 647; x_wconf 84' lang='lat' dir='ltr'>historiae</span> <span class='ocrx_word' id='word_1_33' title='bbox 683 582 802 647; x_wconf 87' lang='lat' dir='ltr'>ueteris</span> <span class='ocrx_word' id='word_1_34' title='bbox 820 582 1007 647; x_wconf 86' lang='lat' dir='ltr'>testimonio</span> <span class='ocrx_word' id='word_1_35' title='bbox 1029 584 1085 647; x_wconf 92' lang='lat' dir='ltr'>uel</span> <span class='ocrx_word' id='word_1_36' title='bbox 1107 585 1182 669; x_wconf 86' lang='lat' dir='ltr'>ipsa</span> 
     </span>
     <span class='ocr_line' id='line_1_6' title="bbox 128 669 1181 755; baseline 0.004 -21"><span class='ocrx_word' id='word_1_37' title='bbox 128 672 252 736; x_wconf 80' lang='lat' dir='ltr'>setiam</span> <span class='ocrx_word' id='word_1_38' title='bbox 289 671 472 736; x_wconf 86' lang='lat' dir='ltr'>coniectura</span> <span class='ocrx_word' id='word_1_39' title='bbox 504 671 660 755; x_wconf 84' lang='lat' dir='ltr'>explicari</span> <span class='ocrx_word' id='word_1_40' title='bbox 696 671 790 736; x_wconf 84' lang='lat' dir='ltr'>facile</span> <span class='ocrx_word' id='word_1_41' title='bbox 825 671 960 754; x_wconf 78' lang='lat' dir='ltr'><strong>possint.</strong></span> <span class='ocrx_word' id='word_1_42' title='bbox 1017 669 1054 737; x_wconf 85' lang='lat' dir='ltr'>Si</span> <span class='ocrx_word' id='word_1_43' title='bbox 1090 671 1181 738; x_wconf 86' lang='lat' dir='ltr'>enim</span> 
     </span>
     <span class='ocr_line' id='line_1_7' title="bbox 155 757 1181 845; baseline 0.003 -20"><span class='ocrx_word' id='word_1_44' title='bbox 155 759 336 845; x_wconf 80' lang='lat' dir='ltr'>Gaesarem,</span> <span class='ocrx_word' id='word_1_45' title='bbox 364 781 437 824; x_wconf 88' lang='lat' dir='ltr'>oum</span> <span class='ocrx_word' id='word_1_46' title='bbox 459 759 589 843; x_wconf 82' lang='lat' dir='ltr'>utrique</span> <span class='ocrx_word' id='word_1_47' title='bbox 612 757 734 824; x_wconf 75' lang='lat' dir='ltr'>(talliae</span> <span class='ocrx_word' id='word_1_48' title='bbox 756 764 933 844; x_wconf 71' lang='lat' dir='ltr'>praeesset,</span> <span class='ocrx_word' id='word_1_49' title='bbox 964 759 999 823; x_wconf 93' lang='lat' dir='ltr'>in</span> <span class='ocrx_word' id='word_1_50' title='bbox 1024 759 1181 828; x_wconf 79' lang='lat' dir='ltr'>citeriore</span> 
     </span>
     <span class='ocr_line' id='line_1_8' title="bbox 155 847 1181 934; baseline 0.002 -20"><span class='ocrx_word' id='word_1_51' title='bbox 155 854 373 914; x_wconf 81' lang='lat' dir='ltr'>conuentuum</span> <span class='ocrx_word' id='word_1_52' title='bbox 396 848 595 934; x_wconf 84' lang='lat' dir='ltr'>agendorum</span> <span class='ocrx_word' id='word_1_53' title='bbox 624 869 736 912; x_wconf 79' lang='lat' dir='ltr'><strong>caussa</strong></span> <span class='ocrx_word' id='word_1_54' title='bbox 763 870 859 932; x_wconf 81' lang='lat' dir='ltr'>saepe</span> <span class='ocrx_word' id='word_1_55' title='bbox 886 847 1079 919; x_wconf 87' lang='lat' dir='ltr'>hibemasse</span> <span class='ocrx_word' id='word_1_56' title='bbox 1107 872 1181 916; x_wconf 90' lang='lat' dir='ltr'>oon-</span> 
     </span>
     <span class='ocr_line' id='line_1_9' title="bbox 155 936 1181 1026; baseline 0.003 -25"><span class='ocrx_word' id='word_1_57' title='bbox 155 937 310 1022; x_wconf 83' lang='lat' dir='ltr'>cedimus,</span> <span class='ocrx_word' id='word_1_58' title='bbox 338 937 372 1000; x_wconf 94' lang='lat' dir='ltr'>id</span> <span class='ocrx_word' id='word_1_59' title='bbox 399 936 485 1020; x_wconf 91' lang='lat' dir='ltr'>quod</span> <span class='ocrx_word' id='word_1_60' title='bbox 513 936 678 1022; x_wconf 84' lang='lat' dir='ltr'>ambigere</span> <span class='ocrx_word' id='word_1_61' title='bbox 710 958 777 1001; x_wconf 91' lang='lat' dir='ltr'>non</span> <span class='ocrx_word' id='word_1_62' title='bbox 803 936 892 1002; x_wconf 84' lang='lat' dir='ltr'>lieet:</span> <span class='ocrx_word' id='word_1_63' title='bbox 929 936 1003 1020; x_wconf 91' lang='lat' dir='ltr'>quis</span> <span class='ocrx_word' id='word_1_64' title='bbox 1037 937 1181 1026; x_wconf 88' lang='lat' dir='ltr'>dubitet,</span> 
     </span>
     <span class='ocr_line' id='line_1_10' title="bbox 156 1024 1181 1111; baseline 0.005 -23"><span class='ocrx_word' id='word_1_65' title='bbox 156 1024 234 1110; x_wconf 88' lang='lat' dir='ltr'>quin</span> <span class='ocrx_word' id='word_1_66' title='bbox 261 1025 448 1110; x_wconf 79' lang='lat' dir='ltr'>Rauennae,</span> <span class='ocrx_word' id='word_1_67' title='bbox 476 1046 540 1108; x_wconf 91' lang='lat' dir='ltr'>quo</span> <span class='ocrx_word' id='word_1_68' title='bbox 572 1024 698 1089; x_wconf 85' lang='lat' dir='ltr'>nuilum</span> <span class='ocrx_word' id='word_1_69' title='bbox 728 1025 829 1089; x_wconf 86' lang='lat' dir='ltr'>inea</span> <span class='ocrx_word' id='word_1_70' title='bbox 860 1025 1050 1109; x_wconf 87' lang='lat' dir='ltr'>prouinciae</span> <span class='ocrx_word' id='word_1_71' title='bbox 1084 1033 1181 1111; x_wconf 88' lang='lat' dir='ltr'>parte</span> 
     </span>
     <span class='ocr_line' id='line_1_11' title="bbox 116 1113 1181 1201; baseline 0.004 -23"><span class='ocrx_word' id='word_1_72' title='bbox 116 1140 143 1180; x_wconf 89' lang='lat'>10</span> <span class='ocrx_word' id='word_1_73' title='bbox 155 1113 299 1179; x_wconf 87' lang='lat' dir='ltr'>nobilius</span> <span class='ocrx_word' id='word_1_74' title='bbox 323 1113 457 1196; x_wconf 92' lang='lat' dir='ltr'>opidum</span> <span class='ocrx_word' id='word_1_75' title='bbox 480 1113 620 1199; x_wconf 87' lang='lat' dir='ltr'>inuenio,</span> <span class='ocrx_word' id='word_1_76' title='bbox 642 1117 838 1178; x_wconf 90' lang='lat' dir='ltr'>conuentum</span> <span class='ocrx_word' id='word_1_77' title='bbox 865 1114 990 1201; x_wconf 78' lang='lat' dir='ltr'>egerit?</span> <span class='ocrx_word' id='word_1_78' title='bbox 1038 1115 1091 1180; x_wconf 92' lang='lat' dir='ltr'>De</span> <span class='ocrx_word' id='word_1_79' title='bbox 1115 1117 1181 1182; x_wconf 81' lang='lat' dir='ltr'>foe</span> 
     </span>
     <span class='ocr_line' id='line_1_12' title="bbox 157 1201 1180 1287; baseline 0.003 -20"><span class='ocrx_word' id='word_1_80' title='bbox 157 1203 231 1268; x_wconf 89' lang='lat' dir='ltr'>dere</span> <span class='ocrx_word' id='word_1_81' title='bbox 258 1224 299 1266; x_wconf 89' lang='lat' dir='ltr'>ne</span> <span class='ocrx_word' id='word_1_82' title='bbox 326 1202 388 1267; x_wconf 91' lang='lat' dir='ltr'>hoc</span> <span class='ocrx_word' id='word_1_83' title='bbox 417 1201 546 1286; x_wconf 89' lang='lat' dir='ltr'>quidem</span> <span class='ocrx_word' id='word_1_84' title='bbox 579 1201 687 1287; x_wconf 80' lang='lat' dir='ltr'>uideo,</span> <span class='ocrx_word' id='word_1_85' title='bbox 715 1224 772 1266; x_wconf 89' lang='lat' dir='ltr'>our</span> <span class='ocrx_word' id='word_1_86' title='bbox 798 1202 832 1267; x_wconf 92' lang='lat' dir='ltr'>in</span> <span class='ocrx_word' id='word_1_87' title='bbox 856 1202 992 1266; x_wconf 92' lang='lat' dir='ltr'>dubium</span> <span class='ocrx_word' id='word_1_88' title='bbox 1027 1210 1180 1270; x_wconf 86' lang='lat' dir='ltr'>uocetur:</span> 
     </span>
     <span class='ocr_line' id='line_1_13' title="bbox 156 1289 1181 1373; baseline 0.001 -16"><span class='ocrx_word' id='word_1_89' title='bbox 156 1292 236 1357; x_wconf 91' lang='lat' dir='ltr'>urbs</span> <span class='ocrx_word' id='word_1_90' title='bbox 264 1290 350 1356; x_wconf 89' lang='lat' dir='ltr'>enim</span> <span class='ocrx_word' id='word_1_91' title='bbox 374 1289 555 1373; x_wconf 77' lang='lat' dir='ltr'>Cisalpinae</span> <span class='ocrx_word' id='word_1_92' title='bbox 583 1289 705 1355; x_wconf 77' lang='lat' dir='ltr'>(talliae</span> <span class='ocrx_word' id='word_1_93' title='bbox 732 1291 888 1355; x_wconf 87' lang='lat' dir='ltr'>Rauenna</span> <span class='ocrx_word' id='word_1_94' title='bbox 914 1290 993 1356; x_wconf 89' lang='lat' dir='ltr'>fuit:</span> <span class='ocrx_word' id='word_1_95' title='bbox 1028 1297 1065 1356; x_wconf 90' lang='lat' dir='ltr'>at</span> <span class='ocrx_word' id='word_1_96' title='bbox 1094 1292 1181 1365; x_wconf 75' lang='lat' dir='ltr'>Galli</span> 
     </span>
     <span class='ocr_line' id='line_1_14' title="bbox 156 1377 1180 1464; baseline 0.002 -19"><span class='ocrx_word' id='word_1_97' title='bbox 156 1380 320 1445; x_wconf 86' lang='lat' dir='ltr'>foederati.</span> <span class='ocrx_word' id='word_1_98' title='bbox 370 1379 492 1444; x_wconf 90' lang='lat' dir='ltr'>Locum</span> <span class='ocrx_word' id='word_1_99' title='bbox 525 1377 687 1444; x_wconf 78' lang='lat' dir='ltr'>Ciceronis</span> <span class='ocrx_word' id='word_1_100' title='bbox 722 1379 758 1444; x_wconf 92' lang='lat' dir='ltr'>in</span> <span class='ocrx_word' id='word_1_101' title='bbox 795 1379 938 1444; x_wconf 89' lang='lat' dir='ltr'>oratione</span> <span class='ocrx_word' id='word_1_102' title='bbox 975 1402 1038 1464; x_wconf 92' lang='lat' dir='ltr'>pro</span> <span class='ocrx_word' id='word_1_103' title='bbox 1070 1381 1180 1448; x_wconf 91' lang='lat' dir='ltr'>Balbo</span> 
     </span>
     <span class='ocr_line' id='line_1_15' title="bbox 157 1467 1181 1554; baseline 0 -20"><span class='ocrx_word' id='word_1_104' title='bbox 157 1470 369 1554; x_wconf 82' lang='lat' dir='ltr'>suffragante,</span> <span class='ocrx_word' id='word_1_105' title='bbox 397 1472 434 1531; x_wconf 96' lang='lat' dir='ltr'>ut</span> <span class='ocrx_word' id='word_1_106' title='bbox 461 1468 563 1531; x_wconf 90' lang='lat' dir='ltr'>uerba</span> <span class='ocrx_word' id='word_1_107' title='bbox 589 1472 646 1532; x_wconf 89' lang='lat' dir='ltr'>tua</span> <span class='ocrx_word' id='word_1_108' title='bbox 674 1467 850 1553; x_wconf 86' lang='lat' dir='ltr'>declarant,</span> <span class='ocrx_word' id='word_1_109' title='bbox 877 1472 986 1532; x_wconf 87' lang='lat' dir='ltr'>uetere</span> <span class='ocrx_word' id='word_1_110' title='bbox 1015 1469 1106 1536; x_wconf 87' lang='lat' dir='ltr'>libro</span> <span class='ocrx_word' id='word_1_111' title='bbox 1136 1471 1181 1535; x_wconf 89' lang='lat' dir='ltr'>ita</span> 
     </span>
     <span class='ocr_line' id='line_1_16' title="bbox 119 1554 1180 1644; baseline 0.004 -24"><span class='ocrx_word' id='word_1_112' title='bbox 119 1558 313 1643; x_wconf 75' lang='lat' dir='ltr'>relegerem:</span> <span class='ocrx_word' id='word_1_113' title='bbox 341 1555 392 1620; x_wconf 68' lang='lat' dir='ltr'>‘R</span> <span class='ocrx_word' id='word_1_114' title='bbox 417 1554 579 1643; x_wconf 78' lang='lat' dir='ltr'>Caesium,</span> <span class='ocrx_word' id='word_1_115' title='bbox 607 1555 714 1620; x_wconf 90' lang='lat' dir='ltr'>uirum</span> <span class='ocrx_word' id='word_1_116' title='bbox 742 1557 877 1643; x_wconf 87' lang='lat' dir='ltr'>bonum,</span> <span class='ocrx_word' id='word_1_117' title='bbox 905 1557 962 1640; x_wconf 93' lang='lat' dir='ltr'>qui</span> <span class='ocrx_word' id='word_1_118' title='bbox 989 1557 1091 1644; x_wconf 84' lang='lat' dir='ltr'>uiuit,</span> <span class='ocrx_word' id='word_1_119' title='bbox 1119 1559 1180 1624; x_wconf 86' lang='lat' dir='ltr'>Ra-</span> 
     </span>
     <span class='ocr_line' id='line_1_17' title="bbox 129 1643 1179 1733; baseline 0.005 -26"><span class='ocrx_word' id='word_1_120' title='bbox 129 1703 131 1707; x_wconf 76' lang='grc'>,</span> <span class='ocrx_word' id='word_1_121' title='bbox 157 1650 330 1711; x_wconf 90' lang='lat' dir='ltr'>uennatem</span> <span class='ocrx_word' id='word_1_122' title='bbox 357 1645 521 1709; x_wconf 87' lang='lat' dir='ltr'>foederato</span> <span class='ocrx_word' id='word_1_123' title='bbox 552 1667 592 1708; x_wconf 84' lang='lat' dir='ltr'>er</span> <span class='ocrx_word' id='word_1_124' title='bbox 622 1643 767 1729; x_wconf 86' lang='lat' dir='ltr'>populo’.</span> <span class='ocrx_word' id='word_1_125' title='bbox 811 1644 858 1710; x_wconf 90' lang='lat' dir='ltr'>Vt</span> <span class='ocrx_word' id='word_1_126' title='bbox 889 1644 1034 1729; x_wconf 89' lang='lat' dir='ltr'>primum</span> <span class='ocrx_word' id='word_1_127' title='bbox 1061 1647 1179 1733; x_wconf 83' lang='lat' dir='ltr'>patria,</span> 
     </span>
     <span class='ocr_line' id='line_1_18' title="bbox 158 1732 1178 1822; baseline 0.002 -24"><span class='ocrx_word' id='word_1_128' title='bbox 158 1735 271 1798; x_wconf 89' lang='lat' dir='ltr'>deinde</span> <span class='ocrx_word' id='word_1_129' title='bbox 295 1732 419 1817; x_wconf 89' lang='lat' dir='ltr'>patriae</span> <span class='ocrx_word' id='word_1_130' title='bbox 447 1733 592 1798; x_wconf 88' lang='lat' dir='ltr'>condicio</span> <span class='ocrx_word' id='word_1_131' title='bbox 620 1733 816 1798; x_wconf 87' lang='lat' dir='ltr'>ostendatur.</span> <span class='ocrx_word' id='word_1_132' title='bbox 861 1756 936 1798; x_wconf 88' lang='lat' dir='ltr'>nam</span> <span class='ocrx_word' id='word_1_133' title='bbox 964 1734 993 1800; x_wconf 91' lang='lat' dir='ltr'>si</span> <span class='ocrx_word' id='word_1_134' title='bbox 1016 1734 1178 1822; x_wconf 87' lang='lat' dir='ltr'>legamus:</span> 
     </span>
     <span class='ocr_line' id='line_1_19' title="bbox 159 1816 1177 1910; baseline 0.003 -25"><span class='ocrx_word' id='word_1_135' title='bbox 159 1821 234 1898; x_wconf 79' lang='lat' dir='ltr'>‘Qui</span> <span class='ocrx_word' id='word_1_136' title='bbox 262 1822 346 1885; x_wconf 89' lang='lat' dir='ltr'>uiuit</span> <span class='ocrx_word' id='word_1_137' title='bbox 372 1816 546 1885; x_wconf 82' lang='lat' dir='ltr'>Rauennae</span> <span class='ocrx_word' id='word_1_138' title='bbox 574 1821 738 1887; x_wconf 86' lang='lat' dir='ltr'>foederato</span> <span class='ocrx_word' id='word_1_139' title='bbox 766 1844 806 1886; x_wconf 88' lang='lat' dir='ltr'>ex</span> <span class='ocrx_word' id='word_1_140' title='bbox 838 1823 990 1910; x_wconf 84' lang='lat' dir='ltr'>populo&#39;,</span> <span class='ocrx_word' id='word_1_141' title='bbox 1020 1823 1177 1888; x_wconf 86' lang='lat' dir='ltr'>foederati</span> 
     </span>
     <span class='ocr_line' id='line_1_20' title="bbox 159 1908 1179 1997; baseline 0.006 -26"><span class='ocrx_word' id='word_1_142' title='bbox 159 1908 275 1993; x_wconf 85' lang='lat' dir='ltr'>populi</span> <span class='ocrx_word' id='word_1_143' title='bbox 298 1930 425 1993; x_wconf 79' lang='lat' dir='ltr'>nomen,</span> <span class='ocrx_word' id='word_1_144' title='bbox 447 1908 530 1973; x_wconf 93' lang='lat' dir='ltr'>idest</span> <span class='ocrx_word' id='word_1_145' title='bbox 553 1909 588 1974; x_wconf 92' lang='lat' dir='ltr'>P.</span> <span class='ocrx_word' id='word_1_146' title='bbox 613 1909 717 1975; x_wconf 79' lang='lat' dir='ltr'>Cassii</span> <span class='ocrx_word' id='word_1_147' title='bbox 740 1910 859 1997; x_wconf 86' lang='lat' dir='ltr'>patria,</span> <span class='ocrx_word' id='word_1_148' title='bbox 882 1911 1096 1997; x_wconf 77' lang='lat' dir='ltr'>ignorabitur.</span> <span class='ocrx_word' id='word_1_149' title='bbox 1141 1911 1179 1977; x_wconf 89' lang='lat' dir='ltr'>in</span> 
     </span>
     <span class='ocr_line' id='line_1_21' title="bbox 119 1996 1178 2082; baseline 0.002 -18"><span class='ocrx_word' id='word_1_150' title='bbox 119 2023 147 2064; x_wconf 81' lang='lat' dir='ltr'>ro</span> <span class='ocrx_word' id='word_1_151' title='bbox 161 2018 226 2080; x_wconf 89' lang='lat' dir='ltr'>quo</span> <span class='ocrx_word' id='word_1_152' title='bbox 254 2000 416 2082; x_wconf 81' lang='lat' dir='ltr'>repugnat</span> <span class='ocrx_word' id='word_1_153' title='bbox 445 1996 606 2064; x_wconf 77' lang='lat' dir='ltr'>Ciceronis</span> <span class='ocrx_word' id='word_1_154' title='bbox 639 1999 845 2065; x_wconf 77' lang='lat' dir='ltr'>consuetudo.</span> <span class='ocrx_word' id='word_1_155' title='bbox 895 2000 1060 2065; x_wconf 89' lang='lat' dir='ltr'>neminem</span> <span class='ocrx_word' id='word_1_156' title='bbox 1092 2000 1178 2066; x_wconf 91' lang='lat' dir='ltr'>enim</span> 
     </span>
     <span class='ocr_line' id='line_1_22' title="bbox 160 2084 1180 2173; baseline 0.007 -23"><span class='ocrx_word' id='word_1_157' title='bbox 160 2084 292 2150; x_wconf 86' lang='lat' dir='ltr'>ciuitate</span> <span class='ocrx_word' id='word_1_158' title='bbox 310 2085 457 2151; x_wconf 86' lang='lat' dir='ltr'>Romana</span> <span class='ocrx_word' id='word_1_159' title='bbox 475 2087 629 2152; x_wconf 88' lang='lat' dir='ltr'>donatum</span> <span class='ocrx_word' id='word_1_160' title='bbox 648 2089 802 2173; x_wconf 86' lang='lat' dir='ltr'>appellat,</span> <span class='ocrx_word' id='word_1_161' title='bbox 825 2088 904 2172; x_wconf 90' lang='lat' dir='ltr'>quin</span> <span class='ocrx_word' id='word_1_162' title='bbox 921 2089 1064 2172; x_wconf 91' lang='lat' dir='ltr'>patriam</span> <span class='ocrx_word' id='word_1_163' title='bbox 1082 2088 1180 2157; x_wconf 89' lang='lat' dir='ltr'>simul</span> 
     </span>
     <span class='ocr_line' id='line_1_23' title="bbox 159 2173 1180 2263; baseline 0.005 -25"><span class='ocrx_word' id='word_1_164' title='bbox 159 2174 313 2240; x_wconf 89' lang='lat' dir='ltr'>nominet.</span> <span class='ocrx_word' id='word_1_165' title='bbox 360 2173 418 2253; x_wconf 82' lang='lat' dir='ltr'>Qu.</span> <span class='ocrx_word' id='word_1_166' title='bbox 445 2173 577 2241; x_wconf 93' lang='lat' dir='ltr'>Iubium</span> <span class='ocrx_word' id='word_1_167' title='bbox 606 2197 663 2240; x_wconf 86' lang='lat' dir='ltr'>seu</span> <span class='ocrx_word' id='word_1_168' title='bbox 691 2175 750 2253; x_wconf 87' lang='lat' dir='ltr'>Qu.</span> <span class='ocrx_word' id='word_1_169' title='bbox 773 2176 902 2242; x_wconf 92' lang='lat' dir='ltr'>Iunium</span> <span class='ocrx_word' id='word_1_170' title='bbox 933 2199 990 2241; x_wconf 92' lang='lat' dir='ltr'>cur</span> <span class='ocrx_word' id='word_1_171' title='bbox 1016 2200 1086 2244; x_wconf 89' lang='lat' dir='ltr'>non</span> <span class='ocrx_word' id='word_1_172' title='bbox 1114 2179 1180 2263; x_wconf 89' lang='lat' dir='ltr'>pla·</span> 
     </span>
     <span class='ocr_line' id='line_1_24' title="bbox 161 2264 1181 2351; baseline 0.002 -22"><span class='ocrx_word' id='word_1_173' title='bbox 161 2269 239 2351; x_wconf 84' lang='lat' dir='ltr'>ceat,</span> <span class='ocrx_word' id='word_1_174' title='bbox 263 2264 373 2329; x_wconf 89' lang='lat' dir='ltr'>eadem</span> <span class='ocrx_word' id='word_1_175' title='bbox 391 2264 516 2329; x_wconf 89' lang='lat' dir='ltr'>ratione</span> <span class='ocrx_word' id='word_1_176' title='bbox 535 2265 682 2330; x_wconf 91' lang='lat' dir='ltr'>adducor.</span> <span class='ocrx_word' id='word_1_177' title='bbox 705 2287 781 2330; x_wconf 89' lang='lat' dir='ltr'>nam</span> <span class='ocrx_word' id='word_1_178' title='bbox 804 2265 831 2330; x_wconf 90' lang='lat' dir='ltr'>si</span> <span class='ocrx_word' id='word_1_179' title='bbox 854 2266 940 2331; x_wconf 90' lang='lat' dir='ltr'>huno</span> <span class='ocrx_word' id='word_1_180' title='bbox 953 2266 1181 2333; x_wconf 88' lang='lat' dir='ltr'>Rauennatem</span> 
     </span>
     <span class='ocr_line' id='line_1_25' title="bbox 161 2352 1181 2440; baseline 0.004 -22"><span class='ocrx_word' id='word_1_181' title='bbox 161 2375 230 2418; x_wconf 87' lang='lat' dir='ltr'>esse</span> <span class='ocrx_word' id='word_1_182' title='bbox 259 2353 414 2418; x_wconf 89' lang='lat' dir='ltr'>dicemus:</span> <span class='ocrx_word' id='word_1_183' title='bbox 445 2353 481 2417; x_wconf 93' lang='lat' dir='ltr'>P.</span> <span class='ocrx_word' id='word_1_184' title='bbox 506 2352 617 2418; x_wconf 75' lang='lat' dir='ltr'>Caesio</span> <span class='ocrx_word' id='word_1_185' title='bbox 648 2353 726 2437; x_wconf 91' lang='lat' dir='ltr'>quid</span> <span class='ocrx_word' id='word_1_186' title='bbox 753 2354 831 2420; x_wconf 78' lang='lat' dir='ltr'>fiet?</span> <span class='ocrx_word' id='word_1_187' title='bbox 877 2377 918 2419; x_wconf 86' lang='lat' dir='ltr'>an</span> <span class='ocrx_word' id='word_1_188' title='bbox 949 2354 1039 2421; x_wconf 90' lang='lat' dir='ltr'>solus</span> <span class='ocrx_word' id='word_1_189' title='bbox 1073 2357 1181 2440; x_wconf 85' lang='lat' dir='ltr'>patria</span> 
     </span>
     <span class='ocr_line' id='line_1_26' title="bbox 121 2441 1181 2530; baseline 0.005 -25"><span class='ocrx_word' id='word_1_190' title='bbox 121 2464 147 2505; x_wconf 79' lang='lat'>25</span> <span class='ocrx_word' id='word_1_191' title='bbox 162 2441 308 2505; x_wconf 78' lang='lat' dir='ltr'>carebit?</span> <span class='ocrx_word' id='word_1_192' title='bbox 338 2441 425 2525; x_wconf 84' lang='lat' dir='ltr'>Dixi,</span> <span class='ocrx_word' id='word_1_193' title='bbox 449 2441 526 2524; x_wconf 93' lang='lat' dir='ltr'>quid</span> <span class='ocrx_word' id='word_1_194' title='bbox 550 2441 712 2529; x_wconf 73' lang='lat' dir='ltr'>sentirem,</span> <span class='ocrx_word' id='word_1_195' title='bbox 733 2447 867 2530; x_wconf 85' lang='lat' dir='ltr'>rogatus</span> <span class='ocrx_word' id='word_1_196' title='bbox 890 2466 909 2507; x_wconf 89' lang='lat' dir='ltr'>a</span> <span class='ocrx_word' id='word_1_197' title='bbox 931 2447 973 2508; x_wconf 91' lang='lat' dir='ltr'>te.</span> <span class='ocrx_word' id='word_1_198' title='bbox 1019 2467 1080 2510; x_wconf 89' lang='lat' dir='ltr'>neo</span> <span class='ocrx_word' id='word_1_199' title='bbox 1099 2444 1181 2510; x_wconf 92' lang='lat' dir='ltr'>mihi</span> 
     </span>
     <span class='ocr_line' id='line_1_27' title="bbox 161 2530 1182 2617; baseline 0.006 -25"><span class='ocrx_word' id='word_1_200' title='bbox 161 2533 270 2592; x_wconf 90' lang='lat' dir='ltr'>tamen</span> <span class='ocrx_word' id='word_1_201' title='bbox 289 2550 438 2612; x_wconf 86' lang='lat' dir='ltr'>arrogare</span> <span class='ocrx_word' id='word_1_202' title='bbox 456 2532 584 2592; x_wconf 82' lang='lat' dir='ltr'>tantum</span> <span class='ocrx_word' id='word_1_203' title='bbox 602 2530 714 2617; x_wconf 85' lang='lat' dir='ltr'>ausim,</span> <span class='ocrx_word' id='word_1_204' title='bbox 733 2535 770 2596; x_wconf 91' lang='lat' dir='ltr'>ut</span> <span class='ocrx_word' id='word_1_205' title='bbox 792 2555 900 2596; x_wconf 89' lang='lat' dir='ltr'>meum</span> <span class='ocrx_word' id='word_1_206' title='bbox 918 2531 1075 2598; x_wconf 91' lang='lat' dir='ltr'>iudicium</span> <span class='ocrx_word' id='word_1_207' title='bbox 1094 2539 1182 2599; x_wconf 83' lang='lat' dir='ltr'>ante</span> 
     </span>
     <span class='ocr_line' id='line_1_28' title="bbox 161 2615 1182 2709; baseline 0.012 -32"><span class='ocrx_word' id='word_1_208' title='bbox 161 2637 281 2699; x_wconf 90' lang='lat' dir='ltr'>ponam</span> <span class='ocrx_word' id='word_1_209' title='bbox 303 2619 369 2679; x_wconf 89' lang='lat' dir='ltr'>tuo.</span> <span class='ocrx_word' id='word_1_210' title='bbox 414 2615 453 2679; x_wconf 91' lang='lat' dir='ltr'>In</span> <span class='ocrx_word' id='word_1_211' title='bbox 470 2637 578 2681; x_wconf 87' lang='lat' dir='ltr'>amore</span> <span class='ocrx_word' id='word_1_212' title='bbox 596 2623 694 2702; x_wconf 82' lang='lat' dir='ltr'>atque</span> <span class='ocrx_word' id='word_1_213' title='bbox 713 2620 811 2685; x_wconf 85' lang='lat' dir='ltr'>etiam</span> <span class='ocrx_word' id='word_1_214' title='bbox 828 2620 862 2685; x_wconf 94' lang='lat' dir='ltr'>in</span> <span class='ocrx_word' id='word_1_215' title='bbox 880 2620 921 2684; x_wconf 87' lang='lat' dir='ltr'>iis</span> <span class='ocrx_word' id='word_1_216' title='bbox 944 2621 1076 2709; x_wconf 85' lang='lat' dir='ltr'>officiis,</span> <span class='ocrx_word' id='word_1_217' title='bbox 1100 2644 1182 2708; x_wconf 83' lang='lat' dir='ltr'>quae</span> 
     </span>
     <span class='ocr_line' id='line_1_29' title="bbox 162 2703 1182 2796; baseline 0.012 -31"><span class='ocrx_word' id='word_1_218' title='bbox 162 2703 264 2767; x_wconf 85' lang='lat' dir='ltr'>amori</span> <span class='ocrx_word' id='word_1_219' title='bbox 295 2703 466 2789; x_wconf 89' lang='lat' dir='ltr'>debentur,</span> <span class='ocrx_word' id='word_1_220' title='bbox 495 2727 547 2769; x_wconf 93' lang='lat' dir='ltr'>me</span> <span class='ocrx_word' id='word_1_221' title='bbox 577 2705 637 2770; x_wconf 91' lang='lat' dir='ltr'>abs</span> <span class='ocrx_word' id='word_1_222' title='bbox 670 2711 703 2772; x_wconf 89' lang='lat' dir='ltr'>te</span> <span class='ocrx_word' id='word_1_223' title='bbox 737 2709 824 2773; x_wconf 86' lang='lat' dir='ltr'>uinci</span> <span class='ocrx_word' id='word_1_224' title='bbox 852 2731 1031 2793; x_wconf 89' lang='lat' dir='ltr'>numquam</span> <span class='ocrx_word' id='word_1_225' title='bbox 1064 2711 1182 2796; x_wconf 86' lang='lat' dir='ltr'>patiar.</span> 
     </span>
    </p>
   </div>
   <div class='ocr_carea' id='block_1_3' title="bbox 161 2792 811 2886">
    <p class='ocr_par' dir='ltr' id='par_1_3' title="bbox 161 2792 811 2886">
     <span class='ocr_line' id='line_1_30' title="bbox 161 2792 811 2886; baseline 0.008 -29"><span class='ocrx_word' id='word_1_226' title='bbox 161 2792 251 2857; x_wconf 89' lang='lat' dir='ltr'>Vale.</span> <span class='ocrx_word' id='word_1_227' title='bbox 279 2792 415 2886; x_wconf 82' lang='lat' dir='ltr'>Romae,</span> <span class='ocrx_word' id='word_1_228' title='bbox 438 2793 508 2858; x_wconf 88' lang='lat' dir='ltr'>Kal.</span> <span class='ocrx_word' id='word_1_229' title='bbox 532 2793 627 2859; x_wconf 86' lang='lat' dir='ltr'>Febr.</span> <span class='ocrx_word' id='word_1_230' title='bbox 650 2794 811 2862; x_wconf 87' lang='lat' dir='ltr'>MDLXX.</span> 
     </span>
    </p>
   </div>
   <div class='ocr_carea' id='block_1_4' title="bbox 254 2985 850 3058">
    <p class='ocr_par' dir='ltr' id='par_1_4' title="bbox 254 2985 850 3058">
     <span class='ocr_line' id='line_1_31' title="bbox 254 2985 850 3058; baseline 0.007 -18"><span class='ocrx_word' id='word_1_231' title='bbox 254 2993 286 3040; x_wconf 86' lang='lat'>13</span> <span class='ocrx_word' id='word_1_232' title='bbox 307 2985 472 3041; x_wconf 77' lang='lat' dir='ltr'>‘Ciceronis&#39;</span> <span class='ocrx_word' id='word_1_233' title='bbox 495 3003 546 3056; x_wconf 93' lang='lat' dir='ltr'>pro</span> <span class='ocrx_word' id='word_1_234' title='bbox 564 2987 663 3056; x_wconf 91' lang='lat' dir='ltr'>Balbo,</span> <span class='ocrx_word' id='word_1_235' title='bbox 682 3005 744 3058; x_wconf 88' lang='lat' dir='ltr'>cap.</span> <span class='ocrx_word' id='word_1_236' title='bbox 763 2990 850 3044; x_wconf 87' lang='lat' dir='ltr'>XXII.</span> 
     </span>
    </p>
   </div>
   <div class='ocr_carea' id='block_1_5' title="bbox 565 3225 777 3234">
    <p class='ocr_par' dir='ltr' id='par_1_5' title="bbox 565 3225 777 3234">
     <span class='ocr_line' id='line_1_32' title="bbox 565 3225 777 3234; baseline 0.014 -3"><span class='ocrx_word' id='word_1_237' title='bbox 565 3225 777 3234; x_wconf 63' lang='lat'>———-—.-—-</span> 
     </span>
    </p>
   </div>
   <div class='ocr_carea' id='block_1_6' title="bbox 0 0 1234 3862">
    <p class='ocr_par' dir='ltr' id='par_1_6' title="bbox 0 0 1234 3862">
     <span class='ocr_line' id='line_1_33' title="bbox 0 0 1234 3862; baseline 0 0"><span class='ocrx_word' id='word_1_238' title='bbox 0 0 1234 3862; x_wconf 95' lang='lat' dir='ltr'> </span> 
     </span>
    </p>
   </div>
  </div>
 </body>
</html>
