2452 3862
389 177 461 233 ΝΠ.
489 174 624 230 Marcello
644 173 772 230 Gemino
1052 177 1093 240 13

77 346 149 405 toto
173 361 279 404 rerum
298 361 443 403 mearum
461 341 548 402 statu
568 337 743 403 sollicitum
760 336 905 420 respexit
924 359 960 401 ac
978 337 1094 402 libera-

78 429 127 493 uit
145 428 241 492 Deus.
288 427 397 511 itaque
421 427 509 491 omni
533 426 628 510 plane
648 426 797 490 molestia
814 426 1004 508 perfunctus
1024 449 1093 491 esse

76 517 158 581 mihi
181 516 300 581 uideor.
339 515 417 599 quid
440 515 589 599 quaeris?
618 515 725 598 aliqua
748 514 846 578 etiam
865 514 964 578 officii
988 516 1093 598 specie

76 606 119 669 ab
147 605 262 670 iisdem
293 605 505 668 obseruamur
532 625 569 668 ac
597 625 630 668 se
658 602 737 667 satis
765 607 840 686 apte
868 602 1092 688 simulationis

76 698 114 758 ut
137 694 262 777 opinor,
286 691 422 756 artificio
446 696 585 757 tuentur.
632 691 776 775 accipere
800 695 909 755 tamen
932 693 1018 775 quod
1042 693 1092 756 da·
1121 716 1133 755 ι

76 787 144 866 tur,
173 802 377 865 quocumque
405 780 511 845 animo
535 781 642 863 detur,
669 780 815 844 inscitiae
841 785 988 845 nonest.
1033 803 1093 845 nec

76 870 225 934 hodierni
262 891 367 934 mores
403 873 435 933 et
467 869 550 934 ratio
587 873 773 952 temporum
809 891 901 933 secus
937 870 1091 952 postulat.

76 957 136 1022 Cet
122 962 191 1023 tera
219 957 352 1022 suntin
374 957 454 1022 meis
481 959 580 1022 rebus
608 980 674 1022 non
702 957 797 1040 plane
826 957 1005 1022 cuiusmodi
1032 980 1092 1022 nos

74 1048 286 1130 putabamus,
321 1047 378 1110 sed
409 1046 588 1111 cuiusmodi
620 1051 730 1110 tamen
763 1045 857 1109 multi
885 1068 952 1110 non
984 1069 1090 1131 spera·

74 1140 159 1199 runt.
211 1135 330 1219 quibus
362 1135 454 1219 haec,
487 1158 569 1218 quae
601 1157 687 1198 nunc
719 1135 1132 1235 agimus,·amplissima1o

74 1224 187 1288 uident
173 1229 227 1288 tur
250 1245 329 1308 esse,
353 1246 426 1288 cum
449 1246 508 1288 nos
530 1246 607 1307 prae
631 1223 680 1307 iis,
704 1245 794 1307 quae,
817 1222 881 1287 nisi
905 1223 990 1374 quist
1001 1245 1091 1288 casus

73 1318 149 1377 nost
150 1313 195 1376 ris
223 1275 365 1377 consiliis
390 1313 573 1395 occurrerit,
596 1333 692 1396 agere
711 1311 883 1394 aliquando
903 1311 990 1395 cogit
992 1333 1092 1396 amus,

76 1401 266 1463 tenuissima
289 1399 476 1463 iudicemus.
523 1422 619 1482 quam
644 1398 773 1481 quidem
795 1399 836 1461 ad
858 1420 927 1460 rem
946 1398 1069 1481 quodt
1071 1421 1092 1462 u

76 1488 194 1571 omnia,
219 1509 299 1570 quae
323 1487 413 1550 inte
437 1491 522 1569 sunt,
544 1485 770 1549 liberalissime
794 1485 970 1570 polliceris,
994 1487 1092 1569 quod·

75 1598 139 1659 que
162 1574 383 1639 Alexandrum
411 1574 509 1639 etiam
530 1574 732 1658 Famesium,
760 1577 980 1658 praestantem
1003 1575 1091 1639 omni
1107 1598 1132 1639 15

76 1664 200 1728 uirtute
229 1663 446 1746 cardinalem,
473 1663 507 1727 in
540 1664 674 1728 eandem
705 1662 863 1727 rationem
894 1685 1091 1748 propensum

76 1775 146 1817 esse
169 1753 325 1818 affirmas:
353 1752 502 1837 equidem
530 1753 568 1816 de
596 1758 629 1817 te
657 1751 703 1817 sie
726 1752 889 1835 existimo,
917 1756 949 1816 et
972 1753 1091 1817 multas

75 1863 145 1906 esse
169 1864 233 1926 res,
261 1841 296 1905 iu
324 1841 443 1925 quibus
470 1841 574 1905 iuuari
604 1845 678 1905 ate
706 1863 765 1924 pro
789 1845 846 1905 tua
873 1863 998 1905 summa
1020 1846 1091 1905 tum

75 1929 248 2015 dignitate,
276 1934 347 1993 tum
375 1929 474 1994 etiam
496 1931 626 1995 fortuna
648 1930 783 2014 possim,
811 1934 844 1992 et
871 1929 968 1994 iniis
991 1931 1089 1995 rebus

74 2041 242 2101 nunquam
270 2017 400 2081 omnino
428 2018 509 2082 mihi
536 2023 628 2082 tuam
651 2041 720 2082 esse
743 2018 979 2082 humanitatem
1003 2018 1090 2082 defu·
1104 2041 1131 2081 ao

73 2111 191 2169 turam.
218 2106 408 2169 Farnesium
422 2111 540 2188 autem,
555 2106 701 2169 diuinum
715 2106 959 2189 adolescentem,
977 2111 1091 2171 natum

73 2194 117 2257 ad
139 2193 371 2257 liberalitatem
389 2196 422 2256 et
440 2193 480 2255 ad
499 2193 645 2277 gloriam,
667 2214 733 2255 non
746 2193 846 2256 miror
860 2214 897 2255 ιο
922 2215 989 2256 ιιιι
1014 2216 1091 2279 erga

74 2282 234 2345 uirtutem
248 2281 364 2364 enimc,
383 2302 446 2364 quo
466 2280 542 2364 quia
556 2302 683 2364 semper
701 2279 763 2343 fuit
781 2302 861 2344 auus
880 2280 957 2364 eius,
975 2281 1090 2344 iccirco

73 2371 116 2433 ad
135 2392 209 2434 eum
227 2370 371 2456 gradum,
396 2369 451 2452 qui
475 2373 525 2433 ιιι
543 2367 691 2433 interris
709 2390 853 2432 summus
876 2372 909 2432 ιι
932 2368 1089 2454 augustis·

74 2459 186 2541 simus,
205 2459 266 2522 diis
280 2457 532 2542 hominibusque
550 2457 739 2522 uolentibus
753 2456 925 2522 adscendit.
963 2479 999 2522 ac
1013 2480 1088 2522 sane
1104 2481 1129 2521 ιι

74 2546 130 2610 ιιιι
155 2569 228 2611 οιιιιι
251 2547 427 2611 domestico
451 2547 614 2632 exemplo,
643 2551 712 2610 tum
735 2546 839 2611 multo
863 2546 960 2610 etiam
984 2547 1088 2633 magis

74 2636 206 2720 egregia
230 2635 334 2718 ipsius
352 2640 468 2699 natura
487 2636 527 2698 ad
549 2634 804 2700 immortalitatis
821 2635 949 2699 laudem
972 2635 1088 2699 excita-

71 2729 128 2787 tus
146 2745 240 2806 saepe
259 2723 348 2806 aliae,
362 2723 474 2808 quanti
493 2724 595 2788 bonas
613 2727 698 2788 artes
717 2724 845 2808 faceret,
864 2723 1014 2806 ostendit,
1033 2724 1089 2787 sed

72 2811 219 2895 proxime
246 2810 300 2875 uel
326 2811 361 2875 ιιι
383 2811 514 2895 primis,
542 2834 615 2876 cum
638 2812 873 2896 Hieronymum
895 2811 1087 2895 Ferrarium,

73 2901 224 2964 iuuenem
242 2899 423 2964 rarissimae
442 2900 584 2985 uirtutis,
603 2922 777 2983 sanequam
796 2922 855 2983 pro
875 2899 944 2962 eius
962 2898 1087 2962 meritis
1101 2922 1128 2962 ιο

72 2989 202 3052 ornauit
221 2994 318 3072 atque
337 2988 437 3052 auxit.
474 2989 509 3053 in
528 3011 601 3072 quo,
625 3011 697 3052 cum
716 2989 804 3071 apud
822 3009 922 3050 unum
940 2986 1087 3069 posuisse

73 3077 266 3141 beneficium
294 3077 454 3161 uideatur,
488 3099 506 3140 a
533 3076 645 3140 multis
675 3080 784 3139 tamen
813 3075 952 3160 gratiam
981 3075 1086 3140 iniuit.

71 3188 148 3229 nam
171 3188 244 3230 cum
267 3187 334 3249 uos,
357 3166 439 3229 tales
457 3164 529 3248 uiri,
552 3164 767 3249 patrocinium
785 3163 967 3228 litterarum
990 3165 1087 3228 susci·

73 3254 166 3337 pitis,
195 3253 377 3338 quicunque
404 3253 499 3317 bonis
522 3252 647 3317 artibus
670 3253 830 3317 delectt
760 3257 830 3317 ttan
832 3276 882 3337 ur,
910 3252 1017 3316 animo
1040 3274 1086 3316 re-

72 3342 172 3406 creati
201 3341 371 3406 ueniunt
363 3364 397 3405 m
425 3363 515 3427 spem
542 3341 713 3442 aliquando
744 3341 891 3425 fore,t
854 3345 891 3405 ut
917 3344 992 3423 post
1020 3340 1086 3402 diu·
1101 3359 1127 3398 ιι

72 3434 186 3496 ιιιιιιοι
214 3431 342 3494 labores
375 3434 408 3494 ιι
439 3429 660 3494 molestiarum
690 3429 781 3513 quasi
812 3392 1087 3512 tempestatesin

74 3518 194 3601 quietis
217 3524 292 3582 eto
236 3518 333 3582 ιοιιι
356 3522 488 3602 portum
511 3518 606 3582 uobis
628 3517 871 3601 adspirantibus
893 3515 1085 3578 deferantur.
