2452 3862
373 195 432 251 XV.
450 193 667 251 Bartholomaeo
686 194 791 253 Riocio.
1048 196 1090 261 29

75 379 211 441 quoquo
241 357 336 421 modo
367 360 534 442 poterunt,
564 356 694 422 inuitati
721 357 814 422 laude
843 357 1090 442 subsequentur.

75 446 150 531 Ego
173 468 261 509 meas
274 444 507 532 Antiquitates,
531 445 601 530 etsi,
623 450 661 510 ut
683 446 738 510 ille
762 446 820 531 ait,
844 446 986 530 spissum
1008 469 1091 531 opus

74 539 136 619 est,
158 533 332 618 aliquando
352 538 468 619 tamen,
491 538 849 619 utspe10,pertexam.
872 534 962 600 Vale.
986 534 1091 599 Vene-

1045 1011 1046 1014 ¹
1117 1000 1130 1040 s

176 1118 472 1184 Bartholomaeo
496 1118 629 1183 Riocio
652 1117 869 1184 Ferrariam
892 1128 941 1199 (Il,
957 1128 993 1196 5).

167 1258 253 1323 Vera
271 1281 391 1346 narraS,
414 1260 537 1345 optime
556 1260 655 1346 Rioci,
678 1265 777 1345 atque
796 1260 843 1324 ita
859 1284 980 1347 narras,
1002 1265 1039 1325 ut
1058 1261 1092 1324 in

75 1369 195 1433 magna
217 1347 401 1413 litterarum
428 1349 601 1433 prudentia
627 1349 721 1414 facile
744 1353 852 1413 tamen
879 1371 969 1413 amor
996 1349 1093 1413 inter-

77 1436 192 1500 luceat.
238 1436 333 1522 Mihi,
362 1441 398 1501 ut
422 1437 553 1524 scribis,
577 1437 779 1502 condiciones
802 1437 864 1501 hoc
886 1437 1018 1501 biennio
1042 1438 1093 1501 de-

76 1524 162 1588 latae
186 1530 262 1589 sunt
284 1525 415 1611 multae,
438 1548 549 1590 omnes
572 1547 644 1591 cum
668 1525 893 1612 emolumento,
915 1526 1005 1590 nulla
1023 1526 1092 1589 sine
1107 1550 1131 1588 ro

76 1612 248 1699 dignitate.
293 1613 371 1678 fecit
393 1618 502 1679 tamen
524 1615 593 1679 siue
616 1614 768 1679 ualetudo
796 1635 868 1678 mea
890 1614 959 1678 siue
982 1615 1093 1679 uolun-

77 1706 129 1766 tas
153 1724 209 1767 seu
231 1702 291 1767 fati
314 1703 434 1788 potius,
457 1725 538 1788 quae
561 1704 595 1767 in
614 1705 711 1768 rebus
729 1703 879 1768 humanis
902 1703 1093 1787 dominatur,

75 1790 205 1855 occulta
223 1793 380 1875 quaedam
398 1793 457 1876 uis,
474 1796 513 1856 ut
531 1815 642 1858 omnes
660 1792 832 1856 reiecerim.
869 1791 952 1856 hanc
970 1796 1093 1877 postre-

76 1900 173 1962 mam,
196 1879 335 1944 delatam
347 1903 380 1947 a
403 1903 527 1946 summo
552 1879 727 1965 (lardinali,
748 1880 932 1966 Hippolyto
953 1880 1093 1965 Estensi,

77 1989 176 2031 unam
195 1968 288 2031 auide
312 1976 386 2032 sum'
407 1969 604 2054 complexus,
627 1992 725 2033 unam
743 1969 895 2033 omnibus
913 1969 1092 2054 anteposui.
1108 1989 1133 2029 15

75 2076 137 2119 neo
161 2060 210 2120 est
233 2056 268 2120 in
290 2057 370 2122 meis
389 2057 532 2122 consiliis
551 2058 726 2142 quidquam
744 2057 918 2142 antiquius,
941 2079 1037 2141 quam
1056 2062 1093 2121 ut
1152 2064 1155 2068 ’

75 2143 112 2207 in
135 2142 223 2207 illius
247 2144 329 2229 aula,
352 2143 463 2207 eximii
484 2144 646 2228 Principis
669 2167 706 2209 ao
728 2145 790 2208 uiri
814 2146 1093 2229 praestantissimi,

73 2252 312 2295 consenescam.
358 2231 478 2316 itaque,
501 2231 592 2315 quod
609 2232 763 2316 hortaris,
790 2237 827 2296 ut
850 2233 890 2296 ad
913 2254 972 2296 uos
996 2255 1093 2316 quam

76 2319 220 2404 primum
247 2341 298 2383 me
326 2319 502 2405 conferam,
530 2341 606 2384 non·
623 2319 737 2402 efficis,
764 2323 801 2383 ut
829 2319 1005 2403 cupiditate
1028 2320 1093 2384 iam

73 2406 220 2491 ardeam,
248 2407 392 2472 dolorem
423 2408 533 2492 potius
556 2431 669 2494 auges,
692 2430 766 2473 cum
788 2408 983 2494 intelligam,
1007 2409 1093 2493 quod
1107 2431 1133 2470 ao

76 2495 218 2560 maxime
242 2496 331 2581 uolo,
359 2497 393 2561 id
420 2519 472 2561 me
499 2497 669 2582 consequi,
696 2498 757 2562 hoo
785 2496 914 2582 quidem
937 2501 1094 2583 tempore,

76 2584 210 2648 minime
233 2607 337 2669 posse.
383 2608 458 2650 nam
485 2590 522 2651 ut
550 2587 712 2671 omittam,
739 2587 825 2671 quod
854 2587 933 2652 haec
959 2609 1011 2652 me
1039 2587 1092 2652 fri·

73 2673 167 2758 goris
190 2674 344 2738 acerrima
366 2674 417 2739 uis
441 2679 474 2738 et
496 2674 704 2759 intemperies
728 2674 807 2739 caeli
830 2675 929 2740 semel
952 2680 1008 2740 aut
1035 2676 1091 2741 ite·

76 2783 150 2824 rum
174 2761 323 2828 cubiculo
351 2784 516 2849 egressum
543 2764 683 2847 pessime
710 2764 835 2848 accepit
863 2768 896 2827 et
923 2764 958 2827 in
981 2764 1092 2827 eadem

76 2849 231 2932 claustra,
259 2850 294 2914 in
321 2851 461 2934 easdem,
491 2852 548 2916 ubi
577 2853 642 2917 iam
667 2851 780 2917 multis
807 2851 973 2916 mensibus
1000 2851 1093 2934 iacui,
1107 2869 1133 2910 aa

77 2938 230 3003 tenebras
256 2939 398 3024 retrusit,
420 2944 587 3025 praeterea
604 2962 656 3004 me
674 2940 779 3024 pietas
801 2940 928 3005 retinet.
964 2937 1093 3003 Fratres

74 3026 179 3091 habet
202 3050 285 3092 uxor
308 3051 379 3092 mea
403 3029 491 3093 duos
538 3050 619 3112 quos
642 3050 702 3114 ego
730 3029 844 3092 ambos
866 3026 959 3090 unice
983 3026 1093 3112 diligo,

76 3119 256 3199 contraque
280 3116 344 3200 ipsi
367 3116 448 3180 mihi
471 3116 668 3203 singularem
690 3137 756 3179 non
778 3115 873 3180 modo
901 3115 1092 3181 beneuolen-

77 3204 167 3287 tiam,
191 3226 303 3268 uerum
318 3204 416 3269 etiam
435 3204 675 3269 obseruantiam
689 3208 865 3288 praestant.
901 3205 998 3289 probi
1017 3207 1092 3269 sun*

76 3292 315 3375 adulescentes,
342 3292 488 3378 ingenio,
515 3293 688 3378 modestia,
711 3292 833 3358 uirtute
857 3293 954 3358 etiam
977 3295 1072 3358 ornat

168 3489 184 3537 2
205 3484 248 3537 ‘ut
266 3483 315 3537 ille
330 3483 382 3538 ait’
399 3483 454 3540 cio.
472 3482 509 3537 ad
522 3484 573 3550 Qu.
588 3484 620 3540 fr.
635 3485 673 3540 ll.
691 3491 732 3541 14.
749 3516 780 3525 -
796 3491 831 3540 26
852 3484 985 3538 ‘fratres’
1007 3481 1084 3536 caro

74 3553 138 3608 lum
156 3559 186 3610 et
203 3553 391 3623 Reginaldum
411 3554 543 3611 Odonios.
581 3561 615 3611 2⁷
637 3557 736 3610 ‘uxor’
758 3554 892 3610 caterina
911 3553 1028 3608 Odonia.
