2452 3862
369 192 465 248 LXVI.
488 192 649 262 Augustino
667 191 824 262 angelello.
1039 192 1102 256 139

87 354 187 442 longo
211 359 369 420 terrarum
392 377 429 420 ac
451 355 549 418 maris
572 353 744 418 interuallo
767 353 970 437 disiunctam,
992 358 1104 436 petere

88 465 154 508 non
172 443 294 530 licebit,
313 445 472 527 deponam
491 443 692 507 uoluntatem
705 463 819 526 meam,
836 442 1011 525 suscipiam
1025 463 1105 524 eam,

90 554 186 615 qutun
217 533 392 598 necessitas
424 533 544 596 afferet.
589 531 737 595 accedam
764 530 804 594 ad
830 529 969 596 Sabinos
996 530 1104 613 colles,

90 642 171 704 quos
193 622 307 685 florere
331 621 426 686 audio
445 619 588 706 regionis
611 619 815 702 amoenitate,
837 620 918 684 caeli
936 619 1103 703 temperie,

91 709 234 774 omnium
257 731 379 793 rerum,
407 731 486 794 quas
508 709 678 774 hominum
700 708 807 773 uictus
828 708 999 790 cultusque
1022 706 1102 770 desi-
1128 727 1142 765 5

88 798 194 880 derat,'
223 799 382 863 ubertate.
427 797 554 863 interea
585 819 637 862 me
668 796 732 861 tibi
762 801 871 861 totum
902 795 1102 878 salutemque

87 909 192 951 meam
212 909 309 971 quam
327 886 519 971 suppliciter
531 908 665 972 possum
683 886 910 950 commendans
923 906 960 948 ac
973 884 1103 948 tradens

86 976 211 1060 negotii
227 976 471 1040 administrandi
485 977 644 1041 rationem
658 974 814 1062 singulari
829 979 904 1039 tuae
923 973 1101 1057 sapientiae

85 1065 249 1147 permitto.
296 1064 384 1129 Vale.
416 1064 455 1129 V.
474 1065 545 1129 Kal.
569 1063 657 1148 Sept.
675 1063 838 1128 MDLXX

489 1314 701 1322 ————-

537 1485 651 1552 LXVI.
1114 1503 1141 1541 1⁰

167 1626 389 1714 Augustino
411 1627 621 1716 Angelello
643 1627 876 1692 Fabrianum
903 1635 965 1704 (IX,
980 1635 1017 1702 9).

174 1769 259 1834 Puto
283 1775 316 1834 tc
339 1771 381 1835 ab
406 1769 574 1855 Onuphn'o
593 1769 688 1854 (lilio,
710 1771 760 1835 tui
782 1768 1014 1848 amantissimo,
1036 1789 1100 1831 cer-

85 1858 202 1922 tiorem
224 1881 291 1924 non
315 1859 414 1924 semel
437 1881 506 1925 esse
525 1861 646 1924 factum
664 1859 896 1924 inualetudinis
914 1878 1013 1941 meae,
1036 1878 1100 1941 qua

85 1968 208 2009 nonum
231 1947 297 2012 iam
318 1969 462 2013 mensem
484 1948 531 2012 ita
552 1947 676 2033 laboro,
696 1953 735 2012 ut
756 1970 864 2032 neque
887 1947 1012 2012 ratione
1035 1946 1098 2011 uic-

87 2038 141 2096 tus
163 2055 267 2117 neque
291 2035 358 2099 11110
385 2035 518 2099 remedii
545 2058 662 2121 genere
685 2037 789 2102 adhuc
812 2037 944 2120 quidem
965 2035 1139 2099 alleuari1⁵

88 2122 258 2204 potuerim.
313 2123 423 2206 itaque
454 2123 570 2188 misere
603 2124 691 2188 iaceo
727 2147 786 2208 spe
822 2125 888 2188 iam
924 2124 1098 2188 destitutus

87 2209 189 2293 omni,
217 2215 346 2292 praeter
378 2233 461 2295 eam,
494 2233 591 2294 quam
623 2211 657 2274 in
689 2212 769 2276 caeli
796 2211 976 2277 mutatione
1003 2212 1099 2276 multi

86 2298 269 2381 ponendam
289 2299 507 2364 arbitrantur.
556 2321 695 2384 quorum
722 2322 784 2388 ego
812 2301 955 2365 libenter
983 2300 1098 2365 accedo

85 2387 271 2451 sententiae.
309 2388 396 2452 exire
415 2392 550 2473 propter
567 2387 686 2453 nimios
701 2389 822 2454 calores
839 2389 984 2454 nondum
996 2387 1097 2454 licuit.

84 2474 146 2539 Sed
170 2475 306 2540 exeundi
330 2477 501 2541 consilium
523 2477 570 2541 ita
593 2477 675 2562 cepi,
697 2482 735 2543 ut
757 2478 797 2542 ad
819 2478 944 2562 patrios
962 2477 1046 2543 lares
1064 2484 1097 2544 et
1111 2492 1138 2531 ²⁰

84 2565 190 2628 dulcia
212 2565 408 2630 incunabula
431 2565 612 2653 remigrem.
658 2567 693 2630 in
716 2589 780 2651 quo
803 2567 965 2652 Pontifex,
988 2572 1025 2632 111
1048 2573 1097 2632 est

82 2652 203 2736 insigni
225 2654 389 2736 praeditus
411 2654 628 2740 humanitate,
650 2655 779 2721 facilem
795 2656 1097 2742 perbenignumque

84 2760 117 2802 se
151 2741 310 2821 praebuit.
346 2741 381 2806 Si
404 2743 544 2829 quaeris,
569 2743 686 2809 laetior
708 2768 750 2809 an
774 2745 900 2810 tristior
927 2744 1097 2829 discedam,

82 2849 150 2892 non
169 2827 261 2892 facile
281 2829 425 2896 1111101111.
452 2830 499 2896 ita
517 2831 620 2896 multa
643 2837 824 2916 occurrimt,
847 2853 931 2915 quae
953 2830 1096 2895 animum

83 2939 120 2981 ac
143 2916 345 2982 uoluntatem
367 2918 430 2983 huc
452 2918 530 2985 illuc
552 2919 740 2985 distrahant.
777 2918 970 3003 propensior
988 2923 1096 2984 tamen
1110 2931 1137 2973 2⁶

82 3006 117 3069 in
140 3005 222 3070 hanc
245 3009 372 3088 partem
398 3029 483 3092 sum,
505 3013 543 3074 ut
564 3013 641 3092 post
659 3029 760 3072 annos
787 3008 897 3072 decem
923 3010 1028 3072 aetate
1051 3007 1096 3072 in-

85 3097 308 3179 grauescente,
338 3099 475 3182 urgente
511 3095 703 3182 praesertim
739 3095 864 3160 difficili
895 3096 1024 3180 morbo,
1055 3097 1095 3160 ad

83 3183 207 3265 patriae
230 3183 437 3266 complexum
458 3205 629 3270 recurram,
651 3184 742 3249 cuius
764 3184 935 3268 adspectus
956 3207 1023 3250 non
1041 3185 1095 3248 du·

83 3271 163 3356 bito,
187 3271 266 3354 quin
283 3271 364 3335 mihi
382 3272 534 3338 amissam
551 3272 787 3338 molestissimis
800 3273 885 3338 curis
898 3273 1096 3337 hilaritatem

82 3358 241 3424 restituat.
279 3381 376 3443 quam
394 3361 421 3426 si
441 3361 514 3446 quis
532 3360 671 3425 afflictae
689 3361 867 3428 ualetudini
885 3361 972 3426 haud
985 3358 1095 3441 paullo
1110 3369 1137 3407 ³⁰

84 3447 188 3533 magis
210 3469 308 3532 quam
331 3449 500 3515 orientalia
518 3449 690 3533 pharmaca
707 3452 860 3534 prodesse
883 3445 1097 3524 111110111ορ1-

80 3554 150 3619 nor,
172 3557 237 3600 101
262 3538 393 3606 errabit.
438 3537 565 3606 Eamus
591 3537 699 3627 igitur
726 3539 794 3604 diss
807 3539 906 3599 bene
919 3528 1128 3590 1111111110

1179 3620 1190 3683 1
