2452 3862
115 176 161 240 32
398 173 471 230 XVI.
498 172 544 228 Ad
562 172 717 228 Antonium
735 172 855 228 Aelium.

118 338 222 402 inuita
224 336 263 419 ti,
291 339 461 400 accurrunt
489 335 647 419 facileque
675 336 715 399 ad
738 357 791 399 eas
814 357 866 398 res
889 335 1141 420 aggrediuntur,

119 427 153 490 in
177 425 296 509 quibus
319 424 372 488 uel
395 424 588 488 mediocrem
611 445 744 508 operam
767 424 794 487 si
818 427 955 506 ponant,
978 423 1180 508 futurum,

119 518 157 577 ut
180 535 220 576 ex
243 512 342 577 animi
365 512 525 577 sententia
549 513 706 598 succedat,
730 512 890 576 arbitrant
876 515 938 576 t.ur
980 534 1066 595 quos
1092 510 1180 578 de*

120 601 193 666 inde
216 601 310 702 graui
332 601 462 666 temerit
464 601 526 666 atis
549 601 681 665 infamia
704 600 824 665 refellit
810 604 944 665 tteuen
946 622 992 665 us
1043 601 1139 667 huius
1177 558 1180 683 l

91 690 248 777 ageneris
270 691 421 755 haeot
373 694 434 775 est,
463 690 501 754 de
525 711 589 773 qua
612 692 682 754 orat
683 689 790 753 ionem
812 688 891 754 insti
892 689 1032 774 tuimuS,
1056 690 1138 755 ratio
1177 686 1180 789 j

120 782 280 863 interpret
266 778 364 842 tandi
411 778 484 862 quis
514 778 599 842 enim
630 783 679 842 est
684 777 780 862 ,qui
811 801 844 842 se
873 801 940 842 non
970 778 1180 844 existimet
1178 814 1180 827 =

120 867 250 931 Liuium
273 889 378 951 posse,
397 865 527 931 Sallust'
504 871 586 931 trum
587 865 830 953 ,Virgiliums
821 889 930 951 ipsum
952 867 1138 933 mehercule

122 955 306 1021 Ciceronem
338 954 384 1019 ita
414 956 580 1020 commode
610 955 783 1040 explicare,
819 959 856 1019 ιιι
842 954 1068 1021 tdesiderari
1098 957 1136 1020 ab

122 1044 257 1109 eruditis
293 1045 455 1129 benequea
480 1043 741 1130 intelligentibus
780 1043 861 1107 uiris
896 1043 979 1108 nihil
1019 1043 1137 1129 queat?

82 1157 108 1196 ιι
122 1138 218 1217 atque
247 1132 296 1217 hi,
326 1155 399 1197 cum
428 1132 463 1196 in
492 1131 524 1196 O.
547 1132 643 1196 Marii
673 1136 729 1196 aut
758 1132 793 1195 in
819 1131 854 1195 L.
883 1130 991 1216 Syllae
1020 1155 1138 1198 nomen

121 1221 305 1306 inciderint
342 1221 370 1285 si
401 1220 497 1285 Marii
534 1225 590 1285 aut
626 1219 733 1305 Syllae
769 1220 819 1284 uit
805 1224 872 1284 tam
909 1242 927 1283 a
958 1220 1137 1287 Plutarcho

121 1310 320 1395 sumptam'
312 1332 346 1373 m
373 1332 431 1373 sua
459 1310 642 1394 scriptao
562 1313 658 1374 aott
659 1332 711 1373 am
738 1313 842 1373 transt
828 1309 976 1393 tulerint,
1004 1314 1078 1375 tum
1105 1332 1137 1375 se

121 1421 195 1464 suas
222 1398 385 1482 praeclare
415 1403 525 1483 partes
548 1397 732 1467 absolvisse
761 1398 962 1482 existimant,
989 1420 1067 1464 oum
1094 1398 1137 1464 in·

121 1488 230 1574 terim,
267 1487 301 1551 in
333 1510 397 1571 quo
428 1486 605 1573 doctrinae,
642 1508 724 1571 quae
739 1486 864 1587 paullo
895 1486 938 1550 sit
968 1487 1136 1589 occultior,

79 1599 106 1640 ιι
121 1540 299 1661 appareant
331 1580 455 1676 notae,
478 1576 513 1640 in
542 1598 606 1659 quo
636 1574 760 1660 ingenii
791 1575 901 1641 lumen
931 1575 1073 1662 eluceat,
1105 1576 1137 1641 in

121 1686 185 1748 quo
209 1664 359 1746 prudent
350 1686 400 1727 1ae
422 1663 474 1727 uis
501 1669 558 1728 aut
584 1663 747 1728 iudicii
723 1686 816 1749 srgna
839 1668 1026 1752 cernantur,
1055 1664 1136 1730 nihil

122 1753 268 1816 afferunt.
314 1752 401 1817 exire
432 1751 579 1816 uidemus
608 1752 752 1852 quotidie
783 1775 801 1815 a
829 1752 987 1835 postremi
1016 1717 1136 1818 ordinis

121 1839 309 1905 hominibus
344 1841 410 1905 fact
396 1845 461 1925 tos,
484 1840 653 1941 speciosis
688 1863 870 1927 magnaque
906 1841 1137 1926 pollicentibus

122 1928 260 1993 titulis
251 1928 395 2014 msignes
413 1928 538 1993 mimmi
557 1929 655 2013 pretii
674 1930 930 1994 commentarios.
968 1952 1050 2014 quos
1073 1951 1137 1994 non

82 2045 110 2085 ao
123 2018 219 2082 modo
243 2017 298 2101 qui
322 2017 479 2103 scribrmt,
501 2018 583 2082 falsa
606 2018 644 2082 de
668 2039 701 2082 se
723 2018 805 2103 ipsis
823 2018 976 2118 opinione
999 2017 1136 2104 decepti,

123 2127 236 2170 uerum
259 2106 357 2170 etiam
381 2106 437 2191 qui
460 2070 582 2192 typis'
573 2129 748 2191 impressos
772 2106 934 2190 edunt,''
913 2129 967 2192 us,
995 2107 1052 2191 qui
1077 2108 1136 2172 hoc

123 2196 162 2260 de
185 2217 303 2282 genere
326 2195 466 2260 iudicare
484 2200 631 2282 possunt,
654 2195 854 2280 inconsultis,
878 2195 1019 2280 quodam
1040 2195 1135 2261 modo

122 2284 305 2349 deformant
327 2284 491 2369 praeclara
511 2284 618 2350 studia
634 2284 818 2349 litterarum
837 2289 869 2348 et
888 2284 926 2348 de
945 2284 1136 2368 posteritate

123 2373 195 2456 ipsa
217 2373 356 2457 pessime
379 2377 552 2438 merentur.
589 2373 645 2437 sed
668 2376 786 2458 cetera,
810 2394 891 2457 quae
915 2372 1049 2437 ferenda
1073 2395 1136 2438 non

82 2486 109 2527 ιι
124 2464 213 2544 sunt,
248 2461 389 2525 feramus
421 2465 529 2525 tamen
561 2482 598 2525 ac
630 2460 880 2546 dissimulemus,
917 2482 993 2525 sane
1026 2461 1136 2526 multa

124 2548 371 2613 commentarios
394 2569 471 2612 uero
494 2548 582 2634 illos,
612 2548 667 2632 qui
690 2549 812 2632 passim
833 2549 1001 2635 leguntur,
1029 2550 1065 2614 in
1091 2548 1136 2614 ci-

124 2636 249 2702 ceronis
276 2636 438 2701 orationes
467 2635 579 2724 (quem
608 2637 751 2702 librum?
787 2637 962 2702 latinorum
993 2639 1136 2704 omnium

124 2725 218 2790 facile
242 2725 437 2810 prinoipem)
460 2747 606 2812 grauem,
629 2725 775 2812 inquam,
797 2726 887 2791 illam
909 2726 1061 2792 immensi
1084 2749 1136 2792 uo

124 2813 256 2878 luminis
278 2814 397 2878 molem
420 2813 492 2898 quis
515 2819 577 2900 est,
608 2814 664 2898 qui
686 2815 770 2879 ferre
793 2815 860 2879 ullo
888 2814 984 2879 modo
1008 2813 1135 2900 possit?

81 2929 111 2969 ao
123 2904 195 2968 loca
217 2907 294 2968 sunt
316 2903 351 2967 in
370 2901 531 2967 Ciceronis
554 2903 756 2968 orationibus
773 2902 857 2967 male
880 2902 1005 2968 mendis
1024 2904 1137 2969 affecta

125 3014 221 3075 quam
249 2991 403 3076 plurima,
431 2991 536 3056 sanari
563 2991 690 3056 nullum
717 2991 835 3056 uideas.
882 2994 958 3056 sunt
984 2992 1029 3057 ob
1059 2991 1137 3057 anti-

126 3080 260 3162 quitatis
288 3080 458 3144 obscuram
484 3080 635 3145 notitiam
663 3080 820 3145 difficilia:
851 3080 923 3164 quis
950 3083 1001 3144 est
1025 3082 1066 3146 de
1090 3083 1137 3145 tot

125 3167 340 3252 interpretum
375 3189 523 3254 numero,
555 3169 611 3253 qui
642 3168 764 3232 lumine
797 3168 1036 3253 explanationis
1069 3169 1138 3234 illu-

126 3255 228 3320 stret?
266 3255 402 3340 denique
435 3257 617 3322 communia
648 3261 662 3322 t
664 3261 775 3322 antum
808 3278 954 3342 quaeque
984 3258 1138 3323 omnibus

82 3369 112 3410 ιιι
126 3347 253 3428 patent,
283 3366 320 3407 ea
347 3349 479 3409 sumunt
465 3346 547 3410 tad
574 3345 813 3430 explicandum,
843 3368 883 3409 ex
906 3345 1044 3428 abditis,
1075 3368 1138 3432 quo

126 3433 195 3496 sine
226 3432 338 3496 labore
371 3433 444 3495 et
434 3434 565 3520 mgenio
597 3456 742 3500 accessus
773 3457 840 3499 non
873 3439 935 3518 est,
973 3399 1138 3502 doctrinae

125 3521 197 3585 font
198 3520 272 3585 ibus
294 3519 378 3584 nihil
399 3521 565 3610 hauriunt,
538 3526 667 3588 ttcon
670 3545 767 3607 raque
795 3523 897 3587 multa
925 3484 1139 3610 tomumpunt
