2452 3862
377 181 411 239 V.
439 179 611 250 Hieronymo
632 181 796 252 Seripando.
1071 178 1093 242 9

82 367 193 408 earum
216 343 334 408 artium
357 343 495 427 fructus,
519 343 638 428 quibus
661 366 713 408 me
736 344 778 408 ab
802 343 934 406 ineunte
957 341 1099 424 pueritia

83 433 243 515 dederam,
276 432 429 518 colligere
458 455 509 496 me
540 433 726 517 sperabam,
757 453 842 497 nunc
873 430 1003 515 quidem
1031 451 1098 493 non

85 521 142 584 illa
169 520 273 585 solum
300 520 500 584 iucunditate
534 542 683 585 concessa
715 521 780 585 iam
807 519 914 584 animo
942 518 1098 603 priuarer,

84 610 139 674 sed
175 608 399 674 acerbissimos
441 609 539 673 etiam
581 609 706 674 dolores
746 608 957 692 miseriasque
998 605 1098 690 perci-

84 719 202 781 perem.
243 698 330 762 nosti
350 701 458 762 autem
478 697 549 781 ipse
573 702 618 781 ιιι,
642 720 683 762 an
702 697 768 762 ulle
786 697 889 762 Musis
913 700 944 760 et
963 695 1098 760 Phoebo
1126 717 1139 758 ι

84 808 157 850 cum
179 785 365 850 huiusmodi
396 786 480 850 curis
504 786 694 850 commercia
717 786 791 851 sint.
837 808 889 850 me
913 783 1042 869 quidem
1065 783 1098 847 in

83 874 136 938 his
160 874 319 939 molestiis
342 875 513 960 degentem
536 875 711 939 excludunt
735 897 868 959 prorsus
892 896 910 937 c
934 876 1100 938 consuetu-

85 963 158 1026 dine
189 984 254 1027 sua.
302 985 365 1046 quo
396 965 518 1027 factum
546 968 609 1047 est,
639 968 676 1028 ιιι
705 986 771 1028 non
801 963 896 1027 modo
925 961 1100 1046 quidquam

84 1073 238 1134 umquam
269 1051 453 1116 litterarum
487 1052 527 1115 ad
558 1057 591 1117 te
624 1053 793 1136 conficere,
826 1051 881 1116 sed
912 1073 952 1115 ne
982 1049 1100 1113 Bitotti

83 1140 215 1223 quidem
243 1140 402 1224 principis
429 1141 623 1205 lectissimae
653 1141 791 1205 feminae
820 1145 853 1204 et
876 1138 1020 1223 Scipioni
1044 1137 1099 1202 Ca·
1115 1162 1141 1201 ro

84 1228 195 1312 pyci0,
232 1229 322 1293 cuius
356 1229 569 1294 eruditionem
606 1230 738 1312 plurimi
773 1229 870 1312 facio,
906 1227 1099 1310 respondere

85 1317 259 1400 potuerim,
283 1339 478 1417 quamquam
497 1319 599 1382 serius
618 1318 763 1400 ahquan
765 1339 783 1380 0
803 1337 996 1402 cognoscere
1015 1314 1102 1398 quod

86 1404 190 1467 uelint
219 1426 315 1487 quam
345 1404 424 1489 cite,
454 1406 540 1488 quod
566 1427 633 1469 non
659 1405 706 1468 ita
734 1410 807 1490 grat
808 1427 863 1468 um
887 1404 943 1486 sit,
971 1402 1100 1465 omnino

85 1491 151 1555 illis
175 1495 254 1574 opta
255 1492 321 1556 tius
341 1514 410 1556 esse
430 1492 535 1556 debet.
573 1492 668 1574 cupio
688 1493 782 1576 enim,
805 1491 863 1555 ubi
887 1491 1028 1574 primum
1051 1489 1102 1553 his

85 1579 242 1644 fluctibus
275 1602 417 1644 emersus
450 1602 523 1644 eum
553 1585 685 1664 portum
714 1580 773 1644 ιιι
764 1603 881 1732 rgero,t
901 1601 997 1663 quem
1029 1578 1101 1662 ipsa
1116 1601 1142 1642 ιι

85 1673 194 1732 mente
218 1669 310 1753 quasi
334 1669 373 1732 de
396 1669 527 1752 specula
551 1669 689 1753 quadam
711 1669 840 1755 longe
832 1692 867 1732 m
867 1673 973 1752 tueor,
997 1667 1101 1732 doctis

85 1757 237 1822 omnibus
262 1761 294 1821 et
317 1757 431 1840 probis
454 1757 581 1841 tibique
604 1757 639 1823 in
661 1758 776 1842 primis
795 1758 987 1841 satisfacere,
1011 1756 1101 1821 cuius

86 1845 216 1928 quidem
241 1846 327 1930 quod
350 1846 385 1910 in
407 1846 585 1911 amicitiam
607 1847 825 1931 peruenerim,
851 1851 932 1931 puto
955 1867 1006 1910 me
1031 1845 1101 1928 qui-

87 1934 159 1997 dem
197 1935 364 2020 egregium
403 1940 500 2019 atque
536 1935 737 2019 praeclarum
779 1957 848 2000 esse
885 1939 1101 2000 consecutum.

85 2021 196 2105 itaque
219 2045 286 2086 non
308 2024 403 2087 modo
427 2024 557 2107 faciam,
583 2024 670 2108 quod
693 2024 787 2088 iubes
810 2024 848 2087 de
873 2023 1002 2087 edendis
1026 2021 1101 2086 San·
1116 2045 1144 2085 ro

85 2110 206 2173 nazarii
237 2111 467 2194 monumentis,
501 2112 557 2176 sed
586 2112 621 2174 in
651 2112 785 2195 reliquis
816 2111 926 2194 etiam,
960 2133 1040 2194 quae
1068 2115 1101 2173 te

87 2196 172 2260 uelle
201 2218 346 2281 quaeque
379 2198 433 2262 uel
460 2199 501 2261 cd
527 2199 655 2263 leudem
681 2199 736 2262 uel
762 2200 803 2262 ad
830 2199 1102 2262 existimationem

86 2291 179 2349 tuam
202 2285 365 2368 pertinere
393 2285 601 2370 existimabo,
630 2286 712 2350 dabo
742 2307 887 2370 operam,
915 2290 952 2348 ut
979 2285 1103 2349 metui

88 2379 281 2456 tuarumque
314 2396 421 2439 rerum
453 2374 726 2439 studiosissimum
757 2373 936 2459 intellegas.
985 2372 1103 2438 Sanna-

86 2462 163 2526 zarii
188 2466 296 2527 cutem
318 2463 424 2528 nostri
448 2462 547 2527 editio
571 2463 598 2528 si
621 2463 765 2549 longius,
792 2485 888 2547 quam
911 2466 979 2527 erat
1002 2461 1101 2526 animi
1116 2487 1143 2528 as

85 2551 137 2614 tui
168 2551 374 2636 desiderium,
407 2552 506 2616 dilata
536 2557 599 2636 est,
633 2553 714 2637 noli,
750 2553 898 2636 obsecro,
928 2555 1102 2636 propterea

85 2661 137 2704 me
161 2661 309 2704 accusare
332 2662 436 2723 neque
460 2641 587 2705 credere
615 2641 720 2726 magis
747 2641 782 2705 id
809 2663 881 2704 mea
904 2641 999 2723 culpa
1021 2640 1102 2721 fieri,

87 2749 184 2810 quam
223 2729 434 2827 quorumdam
472 2729 640 2793 hominum
675 2728 888 2812 improbitate
924 2733 1022 2811 atque
1056 2728 1101 2790 in-

85 2815 188 2900 uidia,
221 2816 276 2899 qui
306 2839 370 2902 me,
404 2839 477 2882 cum
506 2817 616 2882 iuuare
647 2822 679 2882 et
709 2821 843 2900 possent
875 2821 908 2880 et
938 2817 1102 2899 deberent,

87 2904 192 2968 odisse
216 2925 253 2968 ac
275 2868 427 2970 insectari
450 2904 641 2971 maluerunt.
619 2906 774 2988 tquod
796 2905 937 2969 tamen
928 2925 1101 2968 mcommo-
1114 2933 1143 2972 co

87 2992 164 3056 dum
194 2993 314 3076 partim
346 3016 408 3077 ope
438 2993 500 3057 Dei
528 2992 594 3078 Opt
597 3046 602 3058 .
580 2993 709 3058 tMax.
739 2993 859 3076 partim
888 2996 963 3056 nost
965 3014 1000 3055 ra
1032 2991 1101 3055 dili-

86 3080 197 3166 gentia
221 3081 313 3145 breui
337 3082 502 3146 sublatum
525 3082 565 3146 iri
589 3104 763 3166 speramus.
804 3081 914 3164 itaque
937 3081 1101 3146 renouatis

88 3169 194 3233 denuo
218 3169 467 3256 characteribus
491 3192 554 3253 quo
577 3170 682 3256 magis
704 3168 872 3234 clarissimi
892 3168 1027 3234 Comitis
1051 3169 1101 3233 de-

89 3257 206 3322 siderio
239 3258 468 3342 respondeant,
500 3258 546 3321 ite
576 3258 823 3359 impressionem
853 3257 932 3322 libri
964 3261 1101 3321 matura-

89 3346 210 3430 bimus,
234 3350 270 3410 ut
293 3346 389 3430 nihil,
390 3345 499 3498 quod
522 3347 596 3410 sit
587 3351 675 3411 mst
661 3346 751 3411 tudio
776 3346 932 3430 positum,
959 3350 1101 3430 praeter·
1115 3371 1143 3412 ss

86 3434 217 3498 missuri
241 3434 349 3499 simus.
390 3434 492 3519 tu,si
514 3456 574 3499 nos
597 3435 785 3521 diliges,ut
748 3435 882 3499 utthac
868 3438 963 3498 tenus
986 3432 1090 3495 fecist
1066 3436 1101 3514 ιι,

86 3521 216 3586 uidebis
239 3522 425 3610 diligenter,
447 3545 490 3587 an
511 3523 546 3588 in
570 3545 606 3588 ea
629 3523 787 3587 librorum
807 3519 1015 3605 supellectili,
1039 3540 1103 3601 qua
