2452 3862
365 201 476 258 LXXV.
504 201 628 258 Antonio
647 202 783 259 Rolando.
969 257 971 261 ,
1017 204 1081 268 153

64 388 101 430 re
130 385 228 449 quam
254 363 351 451 longe
380 363 500 447 absim,
531 363 688 451 intelligo.
733 363 803 432 Nec
831 370 940 431 tamen
966 387 1081 450 parum

64 452 205 538 profeci,
235 453 322 537 quod
349 454 391 518 ab
420 454 500 519 urbe
527 453 632 518 Roma
660 454 800 519 discessi.
850 454 899 519 ibi
926 455 1013 519 enim
1039 478 1080 520 ne

64 565 143 627 spes
173 540 302 626 quidem
332 546 401 607 erat
431 541 503 628 otii3
535 542 588 607 hic
621 565 717 626 saepe
749 565 828 608 uaco
860 565 920 608 nec
950 548 1080 627 tempus

63 630 173 715 perire
197 629 276 695 sino.
322 630 379 695 sed
401 631 488 714 quod
515 630 574 696 otii
603 631 824 715 perpetuitate
852 654 944 697 careo
967 632 1081 697 identi-

63 720 141 785 dem
170 717 455 803 interpellantibus
485 723 542 784 aut
572 720 761 786 hominibus
791 725 847 786 aut
875 721 1017 809 negotiis
1048 726 1080 786 et
1108 747 1121 787 5

65 807 157 893 quod
178 811 316 894 angusta
338 807 435 874 nimis
454 813 529 873 utor
548 808 787 893 domesticare,
809 810 881 875 ideo
905 811 952 896 fit,
975 814 1012 875 ut
1031 832 1081 874 co-

61 896 136 962 nari
157 901 190 962 et
208 896 378 962 instituere
397 896 499 961 multa
517 897 649 984 possim,
673 899 841 964 absoluere
866 903 899 963 et
917 900 1080 985 perlicere,

62 985 256 1071 praesertim
286 986 372 1070 quod
400 986 634 1071 exspectationi
662 987 869 1074 respondeat,
900 987 983 1052 nihil
1012 989 1079 1053 fere

62 1073 196 1159 possim.
246 1073 405 1139 Habenda
432 1079 481 1139 est
510 1074 608 1140 etiam
634 1076 718 1141 ratio
746 1077 954 1161 ualetudinis,
983 1099 1080 1161 quam

61 1184 179 1229 uereor
199 1185 242 1227 ne
264 1163 300 1227 in
321 1162 456 1248 longum
478 1167 608 1246 tempus
632 1164 784 1229 afflixerit
806 1166 989 1235 Romanum
1012 1188 1078 1230 cae·
1094 1191 1120 1231 ιο

60 1251 133 1316 lum
155 1251 272 1336 dicam,
296 1273 338 1317 an
359 1251 549 1337 negotium?
586 1273 628 1317 an
649 1256 823 1336 utrumque
845 1254 969 1339 potius,
993 1254 1079 1337 quod

62 1340 112 1404 ita
134 1361 205 1405 esse
228 1362 308 1405 reor.
356 1339 419 1406 Sed
445 1340 474 1404 si
500 1339 633 1426 ualebo,
661 1340 688 1404 si
716 1363 785 1406 rem
812 1342 1004 1407 familiarem
1031 1342 1078 1405 ita

63 1427 274 1514 constituam,
302 1433 338 1494 ut
366 1428 511 1494 absentis
535 1428 678 1493 animum
699 1428 783 1494 nihil
805 1435 946 1516 pungat,
973 1429 1078 1494 imita-

61 1517 138 1603 bor,
171 1522 328 1602 quantum
356 1517 392 1582 in
421 1540 472 1582 me
502 1517 577 1602 erit,
608 1517 872 1583 consuetudinem
903 1523 994 1583 tuam
1026 1541 1078 1583 ex·

61 1609 252 1690 pertemque
282 1606 396 1691 culpae
425 1606 629 1690 uoluptatem
659 1629 811 1690 quaeram
843 1611 889 1693 et,
922 1607 1008 1691 quod
1044 1611 1077 1671 te
1093 1633 1118 1673 15

63 1715 193 1778 quoque
214 1695 377 1761 facturum
404 1717 472 1760 esse
494 1695 548 1758 uel
575 1695 686 1780 potius
714 1695 778 1761 iam
805 1696 909 1761 facere
933 1695 1077 1780 coepisse

60 1783 171 1867 uideo,
200 1782 236 1849 in
261 1784 394 1869 litteris,
423 1783 459 1848 in
485 1783 618 1849 colenda
645 1783 782 1871 pietate,
809 1784 843 1849 in
870 1784 989 1851 summi
1015 1784 1079 1850 Dei

60 1870 244 1956 summique
262 1873 341 1938 boni
359 1894 467 1937 amore
486 1877 519 1937 et
538 1872 715 1956 cupiditate
732 1873 963 1959 conquiescam.
986 1873 1078 1959 Vale,

59 1959 218 2027 Venetiis.
263 1959 346 2027 Idib.
369 1960 445 2026 Dec.
468 1961 631 2027 MDLXX.

506 2384 633 2451 LXXV.
1091 2415 1119 2455 ao

195 2525 365 2593 Antonio
394 2526 568 2593 Rolando
595 2528 799 2592 Patauium
827 2536 872 2607 (X,
887 2537 941 2604 15).

149 2667 266 2735 Adhuc
287 2667 483 2756 languebam
511 2693 551 2734 ex
579 2673 688 2734 uetere
710 2670 825 2734 morbo
854 2673 886 2734 et
913 2669 981 2735 filio
1008 2693 1075 2735 non

55 2756 383 2843 leuiter'aegrotante
406 2781 494 2823 eram
512 2780 589 2822 sane
607 2757 835 2842 perturbatior.
872 2756 1074 2822 committere

56 2850 170 2912 tamen
200 2845 304 2932 nolui,
339 2851 377 2911 ut
412 2845 568 2930 epistolae
600 2850 689 2931 tuae,
724 2845 846 2931 insigni
882 2845 1074 2929 praesertim

55 2933 233 3000 Homerica
247 2934 532 3021 'magniloquentia
559 2938 591 3000 et
619 2932 864 2998 beneuolentiae
886 2933 973 2998 notis
996 2956 1074 3020 erga
1088 2963 1114 3004 ss

40 3045 108 3088 me
132 3027 223 3109 tuae,
251 3023 487 3088 nihilomnino
511 3023 746 3107 responderem.
792 3021 885 3097 Quod
906 3021 1006 3107 petis,
1036 3028 1075 3089 ut
1208 3048 1214 3099 j

56 3111 240 3177 orationem
262 3116 353 3177 tuam
375 3111 546 3199 corrigam:
569 3111 711 3196 primum
733 3110 767 3174 id
791 3110 922 3194 quidem
942 3133 1074 3178 necesse
1209 3128 1212 3133 '

54 3221 125 3265 non
152 3203 217 3283 est,
244 3221 317 3265 oum
344 3200 484 3285 scriptor
510 3201 554 3266 sis
585 3199 769 3265 luculentus
795 3199 994 3287 ingenioque
1022 3225 1075 3266 ex-

56 3288 170 3374 cellas;
200 3287 314 3353 deinde
340 3311 418 3354 uero
446 3293 574 3355 tantum
601 3289 642 3352 ab
670 3311 705 3354 re
727 3310 800 3353 mea
821 3288 902 3353 mihi
926 3290 985 3354 otii
1008 3313 1074 3355 non

55 3380 117 3463 est,
140 3376 247 3444 aliena
268 3381 306 3443 ut
329 3377 452 3462 possim
474 3377 590 3479 legere.
625 3382 681 3443 aut
705 3377 791 3443 enirn
807 3400 875 3443 non
896 3400 985 3463 uacc,
1008 3384 1073 3464 aut,
1086 3404 1113 3444 eo

55 3465 85 3530 si
111 3465 192 3550 quid
214 3466 371 3551 temporis
393 3467 587 3556 conceditur,
613 3466 655 3531 ad
678 3489 725 3553 ea,
746 3489 829 3551 quae
852 3467 1006 3530 inchoata
1023 3490 1076 3528 ru-

54 3553 173 3638 disque
200 3553 393 3639 iampridem
421 3555 546 3648 habeo,
579 3556 790 3626 absoluenda
820 3559 858 3619 et
881 3549 1112 3634 perpetres&
