2452 3862
150 116 196 182 20
522 114 584 171 XII.
600 114 676 171 vido
695 114 796 170 llabro.

151 280 212 344 hac
235 300 343 344 rerum
370 277 584 341 humanarum
606 277 792 342 taeterrima
821 277 959 362 caligine
987 281 1023 340 et
1052 277 1094 342 11
1125 279 1179 343 illa

152 367 350 450 sempiterna
381 366 452 431 luce
485 365 660 430 collocatos
691 387 765 429 cum
796 365 853 430 illo
890 365 986 430 bonis
1020 367 1180 433 omnibus

152 457 395 520 circumfluente
422 455 609 519 caelestium
631 454 813 518 animorum
840 459 934 518 coetu
962 454 1178 543 coniungant.

153 544 222 609 Aut
241 544 342 630 igitur
359 543 440 609 mihi
459 543 568 608 nullus
586 543 636 607 tui
655 542 844 607 cohortandi
862 543 994 607 relictus
1013 549 1068 608 est
1088 545 1180 610 locus

127 637 212 703 aaut
239 633 293 698 hic
320 637 462 719 tantum,
492 636 529 696 ut
561 631 643 695 uelis
675 653 746 695 esse
772 631 822 695 tui
852 652 949 715 quam
976 631 1179 735 simillimus,

154 722 306 806 quodque
329 726 387 786 tuo
410 685 538 822 gelren,
560 725 618 784 tuo
640 720 778 805 nomini,
801 719 963 784 tibimet
953 720 1020 803 1psi
1043 722 1179 808 tuisque
1215 722 1217 733 '

154 811 254 875 debes
276 810 450 895 institutis,
478 809 512 874 id
534 808 696 873 cumulate
719 808 969 909 persoluendum
996 809 1178 877 existimes

152 898 262 964 Vnum
281 862 512 982 exoptandum,
525 901 571 982 ut,
591 920 648 981 qu1
639 897 726 961 'tibi
740 897 837 961 istam
854 901 997 961 mentem
1016 920 1098 964 cum
1117 901 1177 965 ista

154 987 345 1052 auctoritate
370 987 458 1052 dedit
480 986 584 1074 (dedit
607 990 716 1050 autem
739 986 883 1050 omnium
906 990 1022 1062 auctor
1043 987 1178 1054 laudan·

114 1106 140 1146 11
154 1077 266 1141 darum
288 1098 395 1141 rerum
423 1080 456 1140 et
483 1080 609 1140 creator
630 1072 748 1161 Deus),
776 1075 862 1139 idem
889 1075 969 1139 uelit
999 1076 1177 1162 utriusque

154 1165 201 1230 rei
224 1166 367 1230 fructum
394 1186 464 1230 esse
491 1164 631 1228 maxime
659 1163 846 1228 diuturnum
874 1168 907 1226 et
934 1184 1080 1247 aequare
1103 1171 1175 1232 tuae

153 1254 241 1319 uitae
264 1254 407 1338 spatium
436 1276 509 1318 cum
532 1252 572 1317 iis
596 1252 700 1336 bonis,
725 1273 807 1337 quae
835 1252 870 1316 in
892 1256 925 1316 te
948 1273 1080 1318 summa
1105 1277 1173 1320 con·

154 1343 239 1408 tulit.
216 1343 429 1427 ptrofecto
394 1341 543 1407 ttales
570 1303 818 1442 gubernatores,
845 1345 913 1404 tam
935 1341 1077 1427 peritos,
1111 1349 1175 1408 tam

154 1432 338 1519 uigilantes,
362 1431 544 1497 Christiana
566 1431 725 1517 religio
700 1453 727 1494 sr
745 1451 922 1513 numquam
943 1451 1011 1494 non
1029 1430 1177 1517 haberet,

115 1545 141 1587 11
154 1543 333 1605 numquam
369 1520 443 1584 illae
481 1519 684 1584 exorirentur
719 1518 944 1582 dissidentium
980 1483 1177 1622 opinionupi

153 1607 327 1673 horribiles
350 1607 524 1690 procellae,
553 1628 635 1690 quae
658 1607 777 1670 iactare
800 1606 912 1671 multis
936 1606 1058 1672 abhinc
1082 1609 1175 1674 annis

153 1696 240 1760 Pet
201 1700 243 1760 111
266 1717 382 1760 nauem
406 1699 583 1778 coeperunt
610 1716 716 1778 neque
744 1695 821 1759 dum
843 1694 1020 1760 consistere
1043 1699 1176 1782 patiun-

153 1789 216 1848 tur.
255 1805 320 1869 quo
341 1783 472 1867 quidem
489 1783 571 1847 mihi
588 1783 671 1936 libtet
657 1783 825 1848 tominari
849 1785 888 1849 de
910 1789 943 1848 te
962 1783 1050 1850 idem
1069 1788 1176 1871 plane,

156 1871 258 1972 quod·
275 1872 386 1957 cupio,
417 1872 467 1936 fut
453 1876 629 1955 turum,u
630 1872 813 1954 toptimis
845 1872 984 1957 artibus,
1018 1876 1176 1958 quamdiu

114 1986 142 2027 ao
155 1959 277 2025 uixeris
277 1960 508 2045 ,praesidio
484 1983 528 2025 111
547 1964 579 2027 11
598 1965 795 2043 ornamento,
813 1961 907 2025 uiuas
925 1924 1044 2047 aulem,
1064 1986 1177 2048 quam-

155 2048 210 2113 diu
233 2011 323 2113 1111
309 2053 491 2133 ttemperan
492 2049 523 2113 ia
477 2050 621 2114 tduce
640 2049 768 2114 uelt
711 2053 768 2114 nat
770 2071 845 2114 urae
864 2050 936 2136 lege
957 2049 1044 2116 licet
1083 2053 1175 2118 Vale.

155 2137 283 2203 Venet'
246 2142 310 2204 t11s.
333 2138 513 2203 MDXLIV.

556 2317 768 2324 ———.-—-—--

625 2488 697 2554 XII.

375 2630 472 2696 Vido
496 2630 619 2695 Fabro
642 2630 711 2696 Ρ11
697 2631 843 2696 tauium
867 2641 898 2710 (Ι,
914 2642 947 2708 c).

116 2781 142 2823 11
244 2754 425 2908 Nescio,uu
404 2759 513 2820 rutum
539 2756 688 2820 fortunae
716 2777 934 2841 succenseam,
962 2757 1055 2822 cuius
1078 2760 1178 2844 culpa

155 2846 221 2911 fact
207 2850 276 2911 tum
301 2843 353 2927 sit,
377 2848 497 2928 11181
521 2847 595 2907 tuas
616 2843 671 2908 litt
642 2848 742 2921 tteras
765 2844 893 2908 duobus
914 2808 982 2909 1111
1004 2784 1178 2913 mensibiis

156 2939 231 3018 post
249 2956 323 2999 eum
342 2893 436 3018 diem,
460 2953 524 3015 quo
543 2936 580 2996 tu
599 2932 781 3017 scripseras,
800 2932 987 3018 acceperim,
1005 2957 1048 2999 an
1071 2936 1178 3002 eidem

29 3037 32 3044 '
156 3026 228 3107 grat
229 3022 277 3086 ias
307 2984 459 3106 habearir,
492 3020 578 3105 quod
605 3021 685 3085 mihi
713 3022 855 3086 arculam
880 3022 1042 3105 quandam
1075 3026 1179 3109 scrip

156 3114 262 3174 torum
295 3131 438 3174 meorum
473 3108 638 3173 euoluenti
611 3109 830 3260 tplaneque
867 3110 955 3174 aliud
990 3113 1106 3197 agenti
1140 3115 1178 3179 de

117 3220 144 3262 ao
158 3196 334 3282 improuiso
358 3197 430 3261 illas
454 3195 618 3261 obtulerit.
596 3202 719 3298 tgrat
720 3197 767 3261 ias
789 3197 918 3262 habebo
941 3199 1063 3284 potius,
1088 3202 1179 3303 quod

159 3286 308 3351 eodomt
294 3289 439 3370 tempore
468 3284 565 3349 simul
588 3306 660 3349 cum
687 3285 804 3350 iniuria
832 3286 1025 3352 beneficium
1054 3291 1179 3377 accepi,

157 3373 347 3440 etiniuriae
372 3373 563 3438 beneficium
585 3374 740 3476 praeferri
764 3396 904 3458 aequum
927 3379 983 3439 est.
1020 3378 1078 3442 sed
1100 3401 1180 3464 quo

156 3463 243 3530 niam
267 3483 388 3548 uereor,
411 3467 489 3528 net
475 3462 609 3527 tarditat
561 3466 660 3528 tatem
684 3463 717 3528 in
741 3463 909 3529 scribendo
933 3486 1039 3531 meam
1063 3467 1179 3535 durius
