2452 3862
401 225 496 281 xnx.
520 195 729 281 11111111.
1009 225 1070 289 101

61 392 204 454 uirorum
227 388 367 473 scriptis,
391 387 510 473 quibus
532 388 673 451 humano
697 379 807 472 generi
831 382 980 450 salutaris
1004 385 1075 449 doc-

61 479 147 542 trina
184 477 380 559 continetur,
417 474 622 539 emendandis
660 474 853 558 edendisque
885 495 1074 557 praeessem.

62 589 125 649 quo
149 566 183 628 in
205 586 336 629 munere
360 564 388 629 si
410 563 505 646 mihi,
530 585 597 628 non
620 562 690 626 dico
714 584 849 649 magnos
871 562 1000 626 labores
1023 584 1075 624 ex-

62 655 182 738 cipere
201 653 288 740 (quis
307 652 394 716 enim
417 611 505 716 bond
523 651 593 715 uiro
612 650 706 716 labor
728 655 779 714 est
801 654 894 733 prot
880 649 999 714 tuenda
1016 649 1076 713 Ec-

61 743 175 806 clesiae
204 741 344 828 dignitat
346 763 376 823 1,
330 738 492 805 tidest
477 743 579 822 tpro
611 738 772 803 communi
796 738 899 802 salute
930 760 1116 802 recusans

62 829 164 916 dusf)
206 829 262 893 sed
294 829 322 893 si
357 827 459 891 uitam
495 827 600 911 ipsam
636 827 831 911 profundere
869 848 951 909 opus
983 831 1077 909 esset,

62 917 192 1003 1311311
217 938 342 981 mecum
361 920 468 981 actum
491 920 648 999 putarem
684 913 794 999 Atque
813 937 874 1000 ego
893 914 982 978 illam
1001 937 1076 978 sane

62 1005 286 1070 incredibilem
309 1005 402 1088 capio
426 1004 639 1105 uoluptatem,
663 1005 757 1087 quod,
781 1024 853 1067 cum
877 1002 1077 1087 praeclarum

63 1117 131 1159 esse
155 1094 238 1157 nihil
261 1097 401 1178 constet,
425 1092 504 1177 quin
526 1092 611 1156 idem
635 1113 807 1175 operosum
831 1096 864 1155 et
886 1091 1076 1175 perdifficile

61 1183 113 1265 sit,
136 1183 196 1245 hac
219 1181 355 1245 tamen
346 1203 381 1244 m
399 1202 433 1244 re
453 1181 596 1246 omnium
615 1180 833 1263 pulcherrima
855 1201 892 1243 ac
915 1184 1077 1263 praestan·
1091 1203 1116 1241 10

61 1271 188 1334 tissima
215 1271 312 1352 plane
345 1291 456 1333 omnes
488 1267 696 1332 difficultates
727 1273 784 1332 tua
815 1272 885 1331 tum
918 1268 1077 1330 excellens

59 1358 204 1421 liberalit
190 1362 249 1440 111,
267 1361 338 1420 tum
356 1355 529 1440 singularis
543 1355 673 1454 sapient
657 1355 703 1419 tia
721 1360 791 1419 sust
777 1355 861 1419 tulit.
900 1355 973 1437 quis
992 1354 1078 1419 enim

64 1466 218 1528 umquam
249 1448 316 1507 tam
351 1442 525 1528 diligenter
558 1443 712 1526 pecunias
743 1441 887 1528 collegit,
918 1464 1077 1525 quamn
1042 1446 1077 1505 tu

64 1533 170 1596 libent
156 1537 206 1596 ter
229 1530 444 1613 effimdis,ut
407 1535 583 1595 utexean
593 1530 724 1630 ‘optimi
746 1529 833 1613 libri,
856 1528 912 1594 alii
935 1529 1077 1593 nondum

64 1621 140 1683 edit'
117 1625 152 1702 11,
176 1642 312 1703 quorum
335 1619 453 1683 notitia
476 1617 689 1683 rectissimam
717 1618 757 1682 ad
784 1619 908 1683 fontem
931 1618 1078 1682 ueritatis
1092 1641 1118 1680 15

62 1709 149 1772 uiam
168 1707 318 1791 ostendit,
342 1706 444 1771 alii'
419 1729 465 1771 111
483 1707 653 1791 emendati,
675 1729 716 1771 ne
736 1729 800 1791 qua
818 1706 960 1790 supersit
978 1706 1078 1790 labeS,

62 1819 144 1880 quae
168 1796 392 1897 imperitorum
414 1795 539 1860 animos
558 1795 665 1861 obiect
651 1800 685 1859 ta
702 1795 802 1860 falsae
822 1795 985 1859 doctrinae
1008 1817 1078 1878 spe-

64 1886 110 1949 cie
134 1885 238 1984 possit
224 1884 422 1949 tinficere?
459 1905 523 1985 quo
552 1883 682 1984 quidem
710 1887 805 1948 antea
832 1884 917 1948 malo
940 1883 1077 1947 nimium

63 1973 170 2058 grauit
172 1995 206 2036 er
156 1972 451 2036 tlaborauimus.
475 1971 640 2036 utinam
618 1995 659 2036 ns
681 1972 840 2056 remediis,
864 1993 945 2055 quae
964 1995 1077 2056 paran-

63 2065 126 2140 tur,
156 2060 285 2123 omnino
309 2058 405 2122 liceat
432 2057 667 2124 conualescere!
701 2060 823 2143 quod
814 2065 860 2124 111
827 2060 981 2124 tfacile
1006 2083 1077 2124 con·
1092 2083 1118 2122 11

65 2168 249 2230 sequemur,
277 2145 304 2209 si
327 2146 455 2209 modo
446 2169 483 2229 rs,
508 2147 564 2228 qui
588 2147 786 2230 optimarum
810 2151 842 2210 et
865 2147 1077 2211 maximarum

65 2239 178 2299 auctor
205 2233 432 2317 perfectorque
464 2255 572 2296 rerum
604 2237 668 2317 est,
699 2234 829 2297 affuerit
861 2233 957 2298 Deus.
1003 2257 1078 2298 nam

63 2345 124 2386 nos
147 2322 289 2406 quidem,
317 2325 354 2384 ut
383 2321 502 2404 opibus
524 2320 767 2404 ualeamus,ut
753 2321 936 2385 tacumine
959 2322 1077 2386 mentis

65 2410 269 2562 excellamus,
292 2431 389 2494 quam
412 2414 521 2474 tamen
544 2409 712 2474 infirmi
687 2431 788 2474 srmus
811 2409 852 2473 ad
875 2410 991 2495 omnia,
1014 2410 1078 2474 nisi

64 2503 202 2600 praepot
203 2503 258 2562 ent
259 2499 287 2562 is
244 2498 381 2562 tDei
414 2519 475 2581 ope
507 2496 691 2581 fulciamur,
725 2518 821 2582 quam
854 2499 950 2582 plane
983 2499 1077 2583 caeci,
1093 2521 1118 2563 11

63 2588 127 2651 nisi
151 2587 294 2651 eiusdem
320 2587 392 2651 luce
414 2607 579 2672 regamur,
606 2585 783 2651 multorum
810 2587 1019 2670 turpissimus
1046 2550 1079 2652 11

64 2675 264 2738 miserrimus
287 2675 354 2739 exit
356 2696 394 2738 us
339 2674 565 2739 tostendit.
543 2675 675 2758 tquis
699 2698 796 2759 porro
815 2677 991 2740 affuturum
1010 2698 1078 2739 esse

64 2763 170 2825 Deum
193 2761 377 2844 dubitet,
352 2785 380 2826 s1
403 2762 637 2827 sanctissimam
660 2763 748 2827 illius
772 2763 958 2846 doctrinam,
982 2784 1078 2845 quam

64 2849 247 2934 praeceptis
270 2849 463 2913 declaratam
489 2850 639 2933 plurimis
669 2872 726 2915 suo
756 2850 884 2914 demum
911 2851 981 2932 ipse
1010 2872 1079 2913 san-

65 2938 163 3025 guine
178 2959 317 3022 suaeque
336 2937 449 3002 mortis
467 2938 616 3022 exemplo
636 2938 870 3022 comprobauit,
888 2959 954 3002 non
976 2939 1077 3002 uerbo
1092 2961 1119 3001 11

64 3031 192 3090 tantum
215 3025 450 3110 profitebimur,
473 3026 528 3090 sed
550 3026 620 3090 uita
638 3026 736 3090 etiam
759 3030 792 3089 et
810 3025 955 3091 moribus
974 3027 1079 3110 expri-

64 3116 210 3179 memus?
245 3115 317 3178 Hoc
345 3118 382 3178 tu
409 3113 543 3199 scilicet,
574 3114 632 3177 Ρ11
658 3113 824 3198 Pontifex,
850 3113 907 3179 illo
936 3114 1078 3198 primum

64 3203 175 3267 uidisti
208 3202 272 3285 die,
305 3223 368 3286 quo
400 3206 433 3267 te
464 3202 499 3267 in
525 3201 651 3266 excelsa
682 3202 746 3267 ista
777 3201 850 3266 sede
883 3203 1012 3267 fauente
1045 3210 1077 3267 et

65 3291 268 3374 approbante
297 3289 407 3355 diuino
435 3288 560 3374 Spiritu
589 3289 731 3354 omnium
760 3290 976 3356 cardinalium
1008 3313 1077 3356 sen-

65 3384 135 3443 tten
136 3379 168 3442 ia
121 3378 373 3443 tcollocauit.
414 3400 519 3463 neque
542 3399 619 3443 uero
643 3378 754 3445 uidisti
773 3379 886 3464 solum,
910 3380 1028 3463 quodt
1014 3378 1117 3443 itbias

65 3467 201 3531 fortasse
230 3489 302 3531 cum
329 3466 442 3532 multis
464 3488 632 3531 commune
656 3489 725 3533 1111
747 3468 868 3553 potuit,
891 3467 947 3531 sed
970 3465 1077 3547 etiam,

65 3553 99 3615 in
123 3576 186 3637 quo
209 3555 342 3638 propria
364 3555 427 3619 tibi
451 3554 547 3619 debet
533 3560 586 3619 tur
608 3555 688 3641 laus,
711 3560 857 3621 accurate
875 3552 1077 3636 praestitisti.
