<?xml version="1.0" encoding="UTF-8"?>
<!DOCTYPE html PUBLIC "-//W3C//DTD XHTML 1.0 Transitional//EN"
    "http://www.w3.org/TR/xhtml1/DTD/xhtml1-transitional.dtd">
<html xmlns="http://www.w3.org/1999/xhtml" xml:lang="en" lang="en">
 <head>
  <title>
</title>
<meta http-equiv="Content-Type" content="text/html;charset=utf-8" />
  <meta name='ocr-system' content='tesseract 3.04.00' />
  <meta name='ocr-capabilities' content='ocr_page ocr_carea ocr_par ocr_line ocrx_word'/>
</head>
<body>
  <div class='ocr_page' id='page_1' title='image "./paulimanutiiepi01fickgoog_0115.png"; bbox 0 0 2452 3862; ppageno 0'>
   <div class='ocr_carea' id='block_1_1' title="bbox 160 106 830 175">
    <p class='ocr_par' dir='ltr' id='par_1_1' title="bbox 160 106 830 175">
     <span class='ocr_line' id='line_1_1' title="bbox 160 106 830 175; baseline -0.021 0"><span class='ocrx_word' id='word_1_1' title='bbox 160 110 227 175; x_wconf 79' lang='grc'>102</span> <span class='ocrx_word' id='word_1_2' title='bbox 498 109 594 174; x_wconf 80' lang='lat' dir='ltr'>XLIX.</span> <span class='ocrx_word' id='word_1_3' title='bbox 618 107 663 162; x_wconf 87' lang='lat' dir='ltr'>Ad</span> <span class='ocrx_word' id='word_1_4' title='bbox 682 106 764 162; x_wconf 89' lang='lat' dir='ltr'><strong>Pium</strong></span> <span class='ocrx_word' id='word_1_5' title='bbox 783 107 830 162; x_wconf 88' lang='lat' dir='ltr'>IV.</span> 
     </span>
    </p>
   </div>
   <div class='ocr_carea' id='block_1_2' title="bbox 76 268 1187 3532">
    <p class='ocr_par' dir='ltr' id='par_1_2' title="bbox 76 268 1187 3532">
     <span class='ocr_line' id='line_1_2' title="bbox 159 268 1187 355; baseline -0.001 -18"><span class='ocrx_word' id='word_1_6' title='bbox 159 277 195 337; x_wconf 92' lang='grc'>11</span> <span class='ocrx_word' id='word_1_7' title='bbox 219 270 305 336; x_wconf 88' lang='lat' dir='ltr'>enim</span> <span class='ocrx_word' id='word_1_8' title='bbox 327 269 398 353; x_wconf 84' lang='lat' dir='ltr'>ipsa</span> <span class='ocrx_word' id='word_1_9' title='bbox 421 273 477 334; x_wconf 91' lang='lat' dir='ltr'>tua</span> <span class='ocrx_word' id='word_1_10' title='bbox 500 268 724 354; x_wconf 77' lang='lat' dir='ltr'><strong>temperantia,</strong></span> <span class='ocrx_word' id='word_1_11' title='bbox 746 268 880 354; x_wconf 87' lang='lat' dir='ltr'>iustitia,</span> <span class='ocrx_word' id='word_1_12' title='bbox 903 268 1086 355; x_wconf 86' lang='lat' dir='ltr'>grauitate,</span> <span class='ocrx_word' id='word_1_13' title='bbox 1112 292 1187 336; x_wconf 87' lang='lat' dir='ltr'>con-</span> 
     </span>
     <span class='ocr_line' id='line_1_3' title="bbox 158 358 1184 442; baseline 0 -17"><span class='ocrx_word' id='word_1_14' title='bbox 158 360 286 442; x_wconf 89' lang='lat' dir='ltr'>stantia,</span> <span class='ocrx_word' id='word_1_15' title='bbox 310 358 420 441; x_wconf 89' lang='lat' dir='ltr'>quales</span> <span class='ocrx_word' id='word_1_16' title='bbox 444 380 513 423; x_wconf 88' lang='lat' dir='ltr'>esse</span> <span class='ocrx_word' id='word_1_17' title='bbox 537 359 618 423; x_wconf 85' lang='lat' dir='ltr'>alios</span> <span class='ocrx_word' id='word_1_18' title='bbox 642 362 815 442; x_wconf 77' lang='lat' dir='ltr'>oporteret,</span> <span class='ocrx_word' id='word_1_19' title='bbox 839 358 1028 441; x_wconf 87' lang='lat' dir='ltr'>exemplum</span> <span class='ocrx_word' id='word_1_20' title='bbox 1052 359 1184 425; x_wconf 87' lang='lat' dir='ltr'>dedisti</span> 
     </span>
     <span class='ocr_line' id='line_1_4' title="bbox 157 446 1184 530; baseline 0.002 -18"><span class='ocrx_word' id='word_1_21' title='bbox 157 448 231 512; x_wconf 90' lang='lat' dir='ltr'>inde</span> <span class='ocrx_word' id='word_1_22' title='bbox 264 447 408 511; x_wconf 90' lang='lat' dir='ltr'>manauit</span> <span class='ocrx_word' id='word_1_23' title='bbox 441 447 552 511; x_wconf 87' lang='lat' dir='ltr'>statim</span> <span class='ocrx_word' id='word_1_24' title='bbox 583 447 622 510; x_wconf 92' lang='lat' dir='ltr'>ad</span> <span class='ocrx_word' id='word_1_25' title='bbox 654 446 856 530; x_wconf 87' lang='lat' dir='ltr'>propinquos</span> <span class='ocrx_word' id='word_1_26' title='bbox 888 450 920 510; x_wconf 89' lang='grc'>11</span> <span class='ocrx_word' id='word_1_27' title='bbox 951 447 1074 511; x_wconf 87' lang='lat' dir='ltr'>affines</span> <span class='ocrx_word' id='word_1_28' title='bbox 1108 452 1184 514; x_wconf 84' lang='lat' dir='ltr'>tuos</span> 
     </span>
     <span class='ocr_line' id='line_1_5' title="bbox 158 532 1184 619; baseline 0.003 -20"><span class='ocrx_word' id='word_1_29' title='bbox 158 537 240 600; x_wconf 89' lang='lat' dir='ltr'>bene</span> <span class='ocrx_word' id='word_1_30' title='bbox 269 535 400 599; x_wconf 89' lang='lat' dir='ltr'>uiuendi</span> <span class='ocrx_word' id='word_1_31' title='bbox 431 535 615 619; x_wconf 81' lang='lat' dir='ltr'>disciplina,</span> <span class='ocrx_word' id='word_1_32' title='bbox 646 556 784 617; x_wconf 90' lang='lat' dir='ltr'>quorum</span> <span class='ocrx_word' id='word_1_33' title='bbox 813 532 957 599; x_wconf 89' lang='lat' dir='ltr'>omnium</span> <span class='ocrx_word' id='word_1_34' title='bbox 971 534 1184 602; x_wconf 88' lang='lat' dir='ltr'>incredibilis</span> 
     </span>
     <span class='ocr_line' id='line_1_6' title="bbox 131 622 1183 708; baseline 0.005 -22"><span class='ocrx_word' id='word_1_35' title='bbox 131 624 364 708; x_wconf 77' lang='lat' dir='ltr'>substinentia,</span> <span class='ocrx_word' id='word_1_36' title='bbox 385 623 578 706; x_wconf 67' lang='lat' dir='ltr'>humanitas</span> <span class='ocrx_word' id='word_1_37' title='bbox 601 623 706 706; x_wconf 89' lang='lat' dir='ltr'>pudor</span> <span class='ocrx_word' id='word_1_38' title='bbox 730 622 895 689; x_wconf 88' lang='lat' dir='ltr'>ciuitatem</span> <span class='ocrx_word' id='word_1_39' title='bbox 916 622 1012 687; x_wconf 88' lang='lat' dir='ltr'>breui</span> <span class='ocrx_word' id='word_1_40' title='bbox 1037 625 1183 692; x_wconf 85' lang='lat' dir='ltr'>correxit</span> 
     </span>
     <span class='ocr_line' id='line_1_7' title="bbox 157 710 1181 778; baseline 0.003 -3"><span class='ocrx_word' id='word_1_41' title='bbox 157 716 190 775; x_wconf 90' lang='grc'>11</span> <span class='ocrx_word' id='word_1_42' title='bbox 213 712 427 776; x_wconf 85' lang='lat' dir='ltr'>conformauit</span> <span class='ocrx_word' id='word_1_43' title='bbox 450 711 641 776; x_wconf 86' lang='lat' dir='ltr'>uniuersam.</span> <span class='ocrx_word' id='word_1_44' title='bbox 678 710 775 776; x_wconf 90' lang='lat' dir='ltr'>Nunc</span> <span class='ocrx_word' id='word_1_45' title='bbox 793 710 828 775; x_wconf 90' lang='lat' dir='ltr'>in</span> <span class='ocrx_word' id='word_1_46' title='bbox 846 710 937 775; x_wconf 89' lang='lat' dir='ltr'>illam</span> <span class='ocrx_word' id='word_1_47' title='bbox 955 732 1069 776; x_wconf 88' lang='lat' dir='ltr'>curam</span> <span class='ocrx_word' id='word_1_48' title='bbox 1089 717 1181 778; x_wconf 88' lang='lat' dir='ltr'>totus</span> 
     </span>
     <span class='ocr_line' id='line_1_8' title="bbox 156 798 1180 884; baseline 0 -20"><span class='ocrx_word' id='word_1_49' title='bbox 156 800 330 884; x_wconf 81' lang='lat' dir='ltr'>incumbis,</span> <span class='ocrx_word' id='word_1_50' title='bbox 359 805 396 864; x_wconf 93' lang='lat' dir='ltr'>ut</span> <span class='ocrx_word' id='word_1_51' title='bbox 422 800 565 884; x_wconf 89' lang='lat' dir='ltr'>reliquae</span> <span class='ocrx_word' id='word_1_52' title='bbox 599 804 708 882; x_wconf 86' lang='lat' dir='ltr'>partes</span> <span class='ocrx_word' id='word_1_53' title='bbox 736 798 914 881; x_wconf 79' lang='lat' dir='ltr'>Ecclesiae,</span> <span class='ocrx_word' id='word_1_54' title='bbox 942 799 1106 865; x_wconf 85' lang='lat' dir='ltr'>discordia</span> <span class='ocrx_word' id='word_1_55' title='bbox 1135 802 1180 864; x_wconf 88' lang='lat' dir='ltr'>la·</span> 
     </span>
     <span class='ocr_line' id='line_1_9' title="bbox 156 887 1177 971; baseline -0.001 -18"><span class='ocrx_word' id='word_1_56' title='bbox 156 889 237 953; x_wconf 90' lang='lat' dir='ltr'>bant</span> <span class='ocrx_word' id='word_1_57' title='bbox 223 893 281 971; x_wconf 89' lang='grc'>111,</span> <span class='ocrx_word' id='word_1_58' title='bbox 305 889 393 953; x_wconf 89' lang='lat' dir='ltr'>omni</span> <span class='ocrx_word' id='word_1_59' title='bbox 416 911 435 951; x_wconf 90' lang='lat' dir='ltr'>a</span> <span class='ocrx_word' id='word_1_60' title='bbox 458 891 490 951; x_wconf 89' lang='lat' dir='ltr'>te</span> <span class='ocrx_word' id='word_1_61' title='bbox 513 888 638 952; x_wconf 88' lang='lat' dir='ltr'>ratione</span> <span class='ocrx_word' id='word_1_62' title='bbox 662 892 823 952; x_wconf 87' lang='lat' dir='ltr'>sanentur.</span> <span class='ocrx_word' id='word_1_63' title='bbox 870 887 974 970; x_wconf 85' lang='lat' dir='ltr'>serpit</span> <span class='ocrx_word' id='word_1_64' title='bbox 991 887 1079 952; x_wconf 90' lang='lat' dir='ltr'>enim</span> <span class='ocrx_word' id='word_1_65' title='bbox 1098 911 1177 970; x_wconf 92' lang='lat' dir='ltr'>quo-</span> 
     </span>
     <span class='ocr_line' id='line_1_10' title="bbox 157 974 1170 1062; baseline 0 -23"><span class='ocrx_word' id='word_1_66' title='bbox 157 976 235 1040; x_wconf 88' lang='lat' dir='ltr'>tidie</span> <span class='ocrx_word' id='word_1_67' title='bbox 258 977 388 1062; x_wconf 86' lang='lat' dir='ltr'>longius</span> <span class='ocrx_word' id='word_1_68' title='bbox 412 976 648 1059; x_wconf 87' lang='lat' dir='ltr'>transalpinum</span> <span class='ocrx_word' id='word_1_69' title='bbox 676 974 758 1039; x_wconf 93' lang='lat' dir='ltr'>illud</span> <span class='ocrx_word' id='word_1_70' title='bbox 780 974 911 1060; x_wconf 87' lang='lat' dir='ltr'>malum,</span> <span class='ocrx_word' id='word_1_71' title='bbox 939 975 1170 1059; x_wconf 83' lang='lat' dir='ltr'>aquibusdam</span> 
     </span>
     <span class='ocr_line' id='line_1_11' title="bbox 116 1063 1170 1151; baseline 0 -25"><span class='ocrx_word' id='word_1_72' title='bbox 116 1088 142 1126; x_wconf 80' lang='grc' dir='ltr'>ιο</span> <span class='ocrx_word' id='word_1_73' title='bbox 156 1065 262 1149; x_wconf 87' lang='lat' dir='ltr'>primo</span> <span class='ocrx_word' id='word_1_74' title='bbox 285 1065 414 1151; x_wconf 81' lang='lat' dir='ltr'>ignorat</span> <span class='ocrx_word' id='word_1_75' title='bbox 415 1088 479 1148; x_wconf 75' lang='lat' dir='ltr'>um,</span> <span class='ocrx_word' id='word_1_76' title='bbox 502 1065 543 1128; x_wconf 88' lang='lat' dir='ltr'>ab</span> <span class='ocrx_word' id='word_1_77' title='bbox 569 1063 641 1128; x_wconf 90' lang='lat' dir='ltr'>aliis</span> <span class='ocrx_word' id='word_1_78' title='bbox 659 1067 773 1146; x_wconf 88' lang='lat' dir='ltr'>postea</span> <span class='ocrx_word' id='word_1_79' title='bbox 791 1063 981 1149; x_wconf 84' lang='lat' dir='ltr'>neglectum,</span> <span class='ocrx_word' id='word_1_80' title='bbox 1001 1084 1060 1146; x_wconf 88' lang='lat' dir='ltr'>pos</span> <span class='ocrx_word' id='word_1_81' title='bbox 1061 1065 1170 1126; x_wconf 86' lang='lat' dir='ltr'>tremo</span> 
     </span>
     <span class='ocr_line' id='line_1_12' title="bbox 155 1150 1174 1235; baseline -0.004 -18"><span class='ocrx_word' id='word_1_82' title='bbox 155 1153 426 1219; x_wconf 89' lang='lat' dir='ltr'>anonnullist</span> <span class='ocrx_word' id='word_1_83' title='bbox 393 1153 492 1217; x_wconf 91' lang='lat' dir='ltr'>etiam</span> <span class='ocrx_word' id='word_1_84' title='bbox 520 1152 691 1218; x_wconf 90' lang='lat' dir='ltr'>uehement</span> <span class='ocrx_word' id='word_1_85' title='bbox 677 1157 727 1216; x_wconf 89' lang='lat' dir='ltr'>ter</span> <span class='ocrx_word' id='word_1_86' title='bbox 754 1155 886 1217; x_wconf 87' lang='lat' dir='ltr'>auctum</span> <span class='ocrx_word' id='word_1_87' title='bbox 831 1174 894 1217; x_wconf 91' lang='lat' dir='ltr'>um.</span> <span class='ocrx_word' id='word_1_88' title='bbox 941 1150 1010 1235; x_wconf 87' lang='grc'>111,</span> <span class='ocrx_word' id='word_1_89' title='bbox 1040 1153 1079 1213; x_wconf 88' lang='grc'>11</span> <span class='ocrx_word' id='word_1_90' title='bbox 1105 1150 1174 1214; x_wconf 90' lang='lat' dir='ltr'>hoo</span> 
     </span>
     <span class='ocr_line' id='line_1_13' title="bbox 154 1201 1177 1326; baseline -0.003 -20"><span class='ocrx_word' id='word_1_91' title='bbox 154 1242 278 1326; x_wconf 79' lang='lat' dir='ltr'>placuit</span> <span class='ocrx_word' id='word_1_92' title='bbox 295 1242 374 1325; x_wconf 89' lang='lat' dir='ltr'>Deo,</span> <span class='ocrx_word' id='word_1_93' title='bbox 399 1264 462 1326; x_wconf 94' lang='lat' dir='ltr'>quo</span> <span class='ocrx_word' id='word_1_94' title='bbox 482 1242 611 1305; x_wconf 86' lang='lat' dir='ltr'>uolente</span> <span class='ocrx_word' id='word_1_95' title='bbox 630 1243 686 1304; x_wconf 93' lang='lat' dir='ltr'>aut</span> <span class='ocrx_word' id='word_1_96' title='bbox 672 1239 820 1304; x_wconf 89' lang='lat' dir='ltr'>tsaltem</span> <span class='ocrx_word' id='word_1_97' title='bbox 834 1201 1042 1323; x_wconf 83' lang='lat' dir='ltr'>permitterite</span> <span class='ocrx_word' id='word_1_98' title='bbox 1057 1259 1177 1324; x_wconf 84' lang='lat' dir='ltr'>gerun-</span> 
     </span>
     <span class='ocr_line' id='line_1_14' title="bbox 155 1327 1177 1430; baseline -0.004 -35"><span class='ocrx_word' id='word_1_99' title='bbox 155 1336 209 1395; x_wconf 87' lang='lat' dir='ltr'>tur</span> <span class='ocrx_word' id='word_1_100' title='bbox 233 1353 283 1415; x_wconf 89' lang='grc'>11,</span> <span class='ocrx_word' id='word_1_101' title='bbox 312 1351 394 1430; x_wconf 82' lang='lat' dir='ltr'>quae</span> <span class='ocrx_word' id='word_1_102' title='bbox 417 1351 474 1394; x_wconf 87' lang='lat' dir='ltr'>our</span> <span class='ocrx_word' id='word_1_103' title='bbox 498 1329 544 1393; x_wconf 88' lang='lat' dir='ltr'>ita</span> <span class='ocrx_word' id='word_1_104' title='bbox 511 1329 659 1413; x_wconf 88' lang='lat' dir='ltr'>t,fiant</span> <span class='ocrx_word' id='word_1_105' title='bbox 687 1349 816 1392; x_wconf 80' lang='lat' dir='ltr'>caussas</span> <span class='ocrx_word' id='word_1_106' title='bbox 842 1327 996 1414; x_wconf 84' lang='lat' dir='ltr'>indagare</span> <span class='ocrx_word' id='word_1_107' title='bbox 1024 1331 1177 1391; x_wconf 88' lang='lat' dir='ltr'>nostrum</span> 
     </span>
     <span class='ocr_line' id='line_1_15' title="bbox 154 1378 1175 1502; baseline -0.004 -20"><span class='ocrx_word' id='word_1_108' title='bbox 154 1381 302 1502; x_wconf 88' lang='grc'>101111,</span> <span class='ocrx_word' id='word_1_109' title='bbox 325 1417 371 1483; x_wconf 88' lang='grc'>110</span> <span class='ocrx_word' id='word_1_110' title='bbox 390 1418 494 1483; x_wconf 87' lang='lat' dir='ltr'>eidem</span> <span class='ocrx_word' id='word_1_111' title='bbox 516 1378 668 1501; x_wconf 69' lang='lat' dir='ltr'>placebit,</span> <span class='ocrx_word' id='word_1_112' title='bbox 692 1421 729 1481; x_wconf 94' lang='lat' dir='ltr'>ut</span> <span class='ocrx_word' id='word_1_113' title='bbox 747 1416 952 1480; x_wconf 86' lang='lat' dir='ltr'>imminutam</span> <span class='ocrx_word' id='word_1_114' title='bbox 971 1414 1175 1480; x_wconf 80' lang='lat' dir='ltr'>Christianae</span> 
     </span>
     <span class='ocr_line' id='line_1_16' title="bbox 116 1469 1176 1607; baseline 0.001 -40"><span class='ocrx_word' id='word_1_115' title='bbox 116 1527 141 1568; x_wconf 82' lang='lat'>15</span> <span class='ocrx_word' id='word_1_116' title='bbox 156 1507 249 1607; x_wconf 75' lang='lat' dir='ltr'>lteip.</span> <span class='ocrx_word' id='word_1_117' title='bbox 279 1469 384 1592; x_wconf 82' lang='lat' dir='ltr'>dignit</span> <span class='ocrx_word' id='word_1_118' title='bbox 386 1511 471 1570; x_wconf 87' lang='lat' dir='ltr'>atem</span> <span class='ocrx_word' id='word_1_119' title='bbox 498 1511 555 1570; x_wconf 92' lang='lat' dir='ltr'>tua</span> <span class='ocrx_word' id='word_1_120' title='bbox 583 1505 688 1569; x_wconf 87' lang='lat' dir='ltr'>uirtus</span> <span class='ocrx_word' id='word_1_121' title='bbox 717 1509 751 1568; x_wconf 90' lang='grc'>11</span> <span class='ocrx_word' id='word_1_122' title='bbox 778 1503 976 1587; x_wconf 87' lang='lat' dir='ltr'>sapientia</span> <span class='ocrx_word' id='word_1_123' title='bbox 957 1526 1003 1568; x_wconf 90' lang='lat' dir='ltr'>1n</span> <span class='ocrx_word' id='word_1_124' title='bbox 1029 1507 1176 1568; x_wconf 86' lang='lat' dir='ltr'>ueterem</span> 
     </span>
     <span class='ocr_line' id='line_1_17' title="bbox 154 1591 1176 1693; baseline -0.002 -34"><span class='ocrx_word' id='word_1_125' title='bbox 154 1595 289 1680; x_wconf 82' lang='lat' dir='ltr'>integrit</span> <span class='ocrx_word' id='word_1_126' title='bbox 275 1598 376 1659; x_wconf 90' lang='lat' dir='ltr'>tatem</span> <span class='ocrx_word' id='word_1_127' title='bbox 398 1595 667 1693; x_wconf 84' lang='lat' dir='ltr'>splendoremque</span> <span class='ocrx_word' id='word_1_128' title='bbox 690 1592 784 1657; x_wconf 83' lang='lat' dir='ltr'>restit</span> <span class='ocrx_word' id='word_1_129' title='bbox 786 1597 849 1657; x_wconf 89' lang='lat' dir='ltr'>uat.</span> <span class='ocrx_word' id='word_1_130' title='bbox 895 1591 1001 1657; x_wconf 86' lang='lat' dir='ltr'>Instat</span> <span class='ocrx_word' id='word_1_131' title='bbox 1029 1614 1049 1655; x_wconf 93' lang='lat' dir='ltr'>a</span> <span class='ocrx_word' id='word_1_132' title='bbox 1073 1592 1138 1656; x_wconf 91' lang='grc'>11</span> <span class='ocrx_word' id='word_1_133' title='bbox 1128 1615 1176 1657; x_wconf 93' lang='lat' dir='ltr'>m·</span> 
     </span>
     <span class='ocr_line' id='line_1_18' title="bbox 155 1678 1175 1767; baseline -0.002 -21"><span class='ocrx_word' id='word_1_134' title='bbox 155 1683 221 1747; x_wconf 88' lang='lat' dir='ltr'>dict</span> <span class='ocrx_word' id='word_1_135' title='bbox 207 1688 322 1747; x_wconf 77' lang='lat' dir='ltr'>teum</span> <span class='ocrx_word' id='word_1_136' title='bbox 304 1682 480 1746; x_wconf 88' lang='grc'>11111111</span> <span class='ocrx_word' id='word_1_137' title='bbox 481 1681 588 1745; x_wconf 93' lang='lat' dir='ltr'>tum</span> <span class='ocrx_word' id='word_1_138' title='bbox 579 1703 643 1744; x_wconf 84' lang='lat' dir='ltr'>ram</span> <span class='ocrx_word' id='word_1_139' title='bbox 677 1680 826 1767; x_wconf 85' lang='lat' dir='ltr'>generale</span> <span class='ocrx_word' id='word_1_140' title='bbox 855 1678 1050 1763; x_wconf 81' lang='lat' dir='ltr'>Concilium,</span> <span class='ocrx_word' id='word_1_141' title='bbox 1084 1680 1175 1745; x_wconf 87' lang='lat' dir='ltr'>cuius</span> 
     </span>
     <span class='ocr_line' id='line_1_19' title="bbox 154 1768 1176 1853; baseline 0 -21"><span class='ocrx_word' id='word_1_142' title='bbox 154 1791 192 1832; x_wconf 90' lang='lat' dir='ltr'>ea</span> <span class='ocrx_word' id='word_1_143' title='bbox 210 1770 307 1850; x_wconf 89' lang='lat' dir='ltr'>ratio,</span> <span class='ocrx_word' id='word_1_144' title='bbox 334 1790 371 1831; x_wconf 87' lang='lat' dir='ltr'>ea</span> <span class='ocrx_word' id='word_1_145' title='bbox 398 1769 462 1851; x_wconf 87' lang='lat' dir='ltr'>uis,</span> <span class='ocrx_word' id='word_1_146' title='bbox 485 1791 522 1831; x_wconf 88' lang='grc'>11</span> <span class='ocrx_word' id='word_1_147' title='bbox 547 1773 680 1833; x_wconf 84' lang='grc'>0111111</span> <span class='ocrx_word' id='word_1_148' title='bbox 666 1769 744 1834; x_wconf 92' lang='lat' dir='ltr'>tudo</span> <span class='ocrx_word' id='word_1_149' title='bbox 768 1790 897 1852; x_wconf 85' lang='lat' dir='ltr'>semper</span> <span class='ocrx_word' id='word_1_150' title='bbox 917 1768 995 1853; x_wconf 90' lang='lat' dir='ltr'>fuit,</span> <span class='ocrx_word' id='word_1_151' title='bbox 967 1772 1063 1832; x_wconf 92' lang='lat' dir='ltr'>tut</span> <span class='ocrx_word' id='word_1_152' title='bbox 1087 1790 1176 1833; x_wconf 90' lang='lat' dir='ltr'>sano·</span> 
     </span>
     <span class='ocr_line' id='line_1_20' title="bbox 154 1855 1175 1938; baseline 0.002 -20.03"><span class='ocrx_word' id='word_1_153' title='bbox 154 1856 271 1920; x_wconf 85' lang='lat' dir='ltr'>tissimi</span> <span class='ocrx_word' id='word_1_154' title='bbox 295 1855 436 1938; x_wconf 84' lang='lat' dir='ltr'>Spiritus</span> <span class='ocrx_word' id='word_1_155' title='bbox 459 1856 508 1920; x_wconf 90' lang='lat' dir='ltr'>int</span> <span class='ocrx_word' id='word_1_156' title='bbox 509 1861 644 1921; x_wconf 88' lang='lat' dir='ltr'>eruentu</span> <span class='ocrx_word' id='word_1_157' title='bbox 608 1856 854 1922; x_wconf 81' lang='lat' dir='ltr'>tudissidentes</span> <span class='ocrx_word' id='word_1_158' title='bbox 871 1856 996 1921; x_wconf 87' lang='lat' dir='ltr'>animos</span> <span class='ocrx_word' id='word_1_159' title='bbox 1014 1879 1084 1921; x_wconf 92' lang='lat' dir='ltr'>non</span> <span class='ocrx_word' id='word_1_160' title='bbox 1102 1879 1175 1922; x_wconf 91' lang='lat' dir='ltr'>oon·</span> 
     </span>
     <span class='ocr_line' id='line_1_21' title="bbox 115 1943 1175 2029; baseline 0.003 -22"><span class='ocrx_word' id='word_1_161' title='bbox 115 1943 266 2008; x_wconf 81' lang='lat' dir='ltr'>socordia</span> <span class='ocrx_word' id='word_1_162' title='bbox 288 1943 393 2009; x_wconf 89' lang='lat' dir='ltr'>solum</span> <span class='ocrx_word' id='word_1_163' title='bbox 417 1948 450 2008; x_wconf 88' lang='lat' dir='ltr'>et</span> <span class='ocrx_word' id='word_1_164' title='bbox 473 1967 565 2029; x_wconf 89' lang='lat' dir='ltr'>pace,</span> <span class='ocrx_word' id='word_1_165' title='bbox 593 1967 707 2011; x_wconf 89' lang='lat' dir='ltr'>uerum</span> <span class='ocrx_word' id='word_1_166' title='bbox 733 1946 832 2010; x_wconf 88' lang='lat' dir='ltr'>etiam</span> <span class='ocrx_word' id='word_1_167' title='bbox 852 1944 1087 2021; x_wconf 84' lang='lat' dir='ltr'>¹beneuolentia</span> <span class='ocrx_word' id='word_1_168' title='bbox 1109 1949 1175 2010; x_wconf 87' lang='lat' dir='ltr'>stu-</span> 
     </span>
     <span class='ocr_line' id='line_1_22' title="bbox 154 2032 1175 2120; baseline 0.002 -24"><span class='ocrx_word' id='word_1_169' title='bbox 154 2032 271 2117; x_wconf 92' lang='lat' dir='ltr'>dioque</span> <span class='ocrx_word' id='word_1_170' title='bbox 304 2033 520 2120; x_wconf 83' lang='lat' dir='ltr'>coniungeret.</span> <span class='ocrx_word' id='word_1_171' title='bbox 570 2035 642 2098; x_wconf 91' lang='lat' dir='ltr'>Hoc</span> <span class='ocrx_word' id='word_1_172' title='bbox 673 2039 710 2098; x_wconf 93' lang='lat' dir='ltr'>tu</span> <span class='ocrx_word' id='word_1_173' title='bbox 740 2057 817 2116; x_wconf 90' lang='lat' dir='ltr'>nos,</span> <span class='ocrx_word' id='word_1_174' title='bbox 850 2032 906 2098; x_wconf 90' lang='lat' dir='ltr'>Pie</span> <span class='ocrx_word' id='word_1_175' title='bbox 927 2032 975 2098; x_wconf 93' lang='lat' dir='ltr'>IV</span> <span class='ocrx_word' id='word_1_176' title='bbox 975 2085 997 2119; x_wconf 91' lang='lat'>.,</span> <span class='ocrx_word' id='word_1_177' title='bbox 1029 2033 1175 2098; x_wconf 86' lang='lat' dir='ltr'>remedio</span> 
     </span>
     <span class='ocr_line' id='line_1_23' title="bbox 154 2121 1176 2208; baseline -0.001 -21"><span class='ocrx_word' id='word_1_178' title='bbox 154 2122 300 2187; x_wconf 87' lang='lat' dir='ltr'>seruabis</span> <span class='ocrx_word' id='word_1_179' title='bbox 327 2128 552 2206; x_wconf 87' lang='lat' dir='ltr'>errantemque</span> <span class='ocrx_word' id='word_1_180' title='bbox 580 2144 714 2208; x_wconf 83' lang='lat' dir='ltr'>gregem</span> <span class='ocrx_word' id='word_1_181' title='bbox 741 2121 911 2186; x_wconf 90' lang='lat' dir='ltr'>disiectum</span> <span class='ocrx_word' id='word_1_182' title='bbox 943 2121 1033 2185; x_wconf 89' lang='lat' dir='ltr'>uaria</span> <span class='ocrx_word' id='word_1_183' title='bbox 1068 2121 1176 2205; x_wconf 84' lang='lat' dir='ltr'>culpa,</span> 
     </span>
     <span class='ocr_line' id='line_1_24' title="bbox 153 2209 1175 2296; baseline -0.002 -20"><span class='ocrx_word' id='word_1_184' title='bbox 153 2215 309 2296; x_wconf 88' lang='lat' dir='ltr'>tanquam</span> <span class='ocrx_word' id='word_1_185' title='bbox 340 2212 470 2276; x_wconf 79' lang='lat' dir='ltr'>Pastor</span> <span class='ocrx_word' id='word_1_186' title='bbox 489 2210 647 2294; x_wconf 89' lang='lat' dir='ltr'>optimus,</span> <span class='ocrx_word' id='word_1_187' title='bbox 665 2210 719 2277; x_wconf 78' lang='lat' dir='ltr'>,ad</span> <span class='ocrx_word' id='word_1_188' title='bbox 751 2209 970 2275; x_wconf 87' lang='lat' dir='ltr'>obedientiam</span> <span class='ocrx_word' id='word_1_189' title='bbox 1001 2210 1175 2274; x_wconf 83' lang='lat' dir='ltr'>reuocabis</span> 
     </span>
     <span class='ocr_line' id='line_1_25' title="bbox 154 2297 1175 2384; baseline -0.002 -20"><span class='ocrx_word' id='word_1_190' title='bbox 154 2300 400 2383; x_wconf 88' lang='lat' dir='ltr'>continebisque</span> <span class='ocrx_word' id='word_1_191' title='bbox 427 2300 462 2363; x_wconf 91' lang='lat' dir='ltr'>in</span> <span class='ocrx_word' id='word_1_192' title='bbox 492 2299 599 2363; x_wconf 82' lang='lat' dir='ltr'>officio</span> <span class='ocrx_word' id='word_1_193' title='bbox 632 2303 665 2363; x_wconf 89' lang='lat' dir='ltr'>et</span> <span class='ocrx_word' id='word_1_194' title='bbox 695 2297 902 2363; x_wconf 87' lang='lat' dir='ltr'>obseruantia</span> <span class='ocrx_word' id='word_1_195' title='bbox 939 2319 1016 2384; x_wconf 87' lang='lat' dir='ltr'>arga</span> <span class='ocrx_word' id='word_1_196' title='bbox 1043 2297 1175 2362; x_wconf 86' lang='lat' dir='ltr'>diuinas</span> 
     </span>
     <span class='ocr_line' id='line_1_26' title="bbox 113 2385 1176 2471; baseline 0.002 -23"><span class='ocrx_word' id='word_1_197' title='bbox 113 2409 139 2448; x_wconf 77' lang='lat' dir='ltr'>aa</span> <span class='ocrx_word' id='word_1_198' title='bbox 153 2387 242 2471; x_wconf 85' lang='lat' dir='ltr'>leges</span> <span class='ocrx_word' id='word_1_199' title='bbox 277 2391 348 2450; x_wconf 90' lang='lat' dir='ltr'>tum</span> <span class='ocrx_word' id='word_1_200' title='bbox 388 2391 546 2469; x_wconf 87' lang='lat' dir='ltr'>perpetua</span> <span class='ocrx_word' id='word_1_201' title='bbox 578 2387 749 2451; x_wconf 87' lang='lat' dir='ltr'>sanctitate</span> <span class='ocrx_word' id='word_1_202' title='bbox 786 2391 860 2469; x_wconf 86' lang='lat' dir='ltr'>tua,</span> <span class='ocrx_word' id='word_1_203' title='bbox 896 2385 979 2450; x_wconf 88' lang='lat' dir='ltr'>unde</span> <span class='ocrx_word' id='word_1_204' title='bbox 1016 2385 1176 2450; x_wconf 85' lang='lat' dir='ltr'>hauriunt</span> 
     </span>
     <span class='ocr_line' id='line_1_27' title="bbox 76 2473 1176 2557; baseline 0 -19"><span class='ocrx_word' id='word_1_205' title='bbox 76 2512 77 2516; x_wconf 63' lang='lat'><em>=</em></span> <span class='ocrx_word' id='word_1_206' title='bbox 154 2495 265 2538; x_wconf 88' lang='lat' dir='ltr'>omnes</span> <span class='ocrx_word' id='word_1_207' title='bbox 289 2474 437 2555; x_wconf 87' lang='lat' dir='ltr'>exempla</span> <span class='ocrx_word' id='word_1_208' title='bbox 460 2474 604 2537; x_wconf 90' lang='lat' dir='ltr'>omnium</span> <span class='ocrx_word' id='word_1_209' title='bbox 622 2474 790 2557; x_wconf 87' lang='lat' dir='ltr'>uirtutum,</span> <span class='ocrx_word' id='word_1_210' title='bbox 813 2479 884 2539; x_wconf 91' lang='lat' dir='ltr'>tum</span> <span class='ocrx_word' id='word_1_211' title='bbox 907 2495 984 2539; x_wconf 86' lang='lat' dir='ltr'>uero</span> <span class='ocrx_word' id='word_1_212' title='bbox 1008 2473 1049 2538; x_wconf 92' lang='lat' dir='ltr'>iis</span> <span class='ocrx_word' id='word_1_213' title='bbox 1074 2475 1176 2539; x_wconf 91' lang='lat' dir='ltr'>etiam</span> 
     </span>
     <span class='ocr_line' id='line_1_28' title="bbox 154 2561 1175 2646; baseline 0.003 -22"><span class='ocrx_word' id='word_1_214' title='bbox 154 2561 284 2625; x_wconf 88' lang='lat' dir='ltr'>edendis</span> <span class='ocrx_word' id='word_1_215' title='bbox 312 2561 346 2625; x_wconf 91' lang='lat' dir='ltr'>in</span> <span class='ocrx_word' id='word_1_216' title='bbox 375 2562 436 2625; x_wconf 88' lang='lat' dir='ltr'>hac</span> <span class='ocrx_word' id='word_1_217' title='bbox 463 2562 544 2625; x_wconf 88' lang='lat' dir='ltr'>urbe</span> <span class='ocrx_word' id='word_1_218' title='bbox 571 2561 679 2646; x_wconf 76' lang='lat' dir='ltr'>libris,</span> <span class='ocrx_word' id='word_1_219' title='bbox 714 2584 851 2646; x_wconf 88' lang='lat' dir='ltr'>quorum</span> <span class='ocrx_word' id='word_1_220' title='bbox 878 2562 975 2627; x_wconf 91' lang='lat' dir='ltr'>lectio</span> <span class='ocrx_word' id='word_1_221' title='bbox 1006 2561 1110 2627; x_wconf 83' lang='lat' dir='ltr'>malas</span> <span class='ocrx_word' id='word_1_222' title='bbox 1142 2566 1175 2627; x_wconf 87' lang='lat' dir='ltr'>et</span> 
     </span>
     <span class='ocr_line' id='line_1_29' title="bbox 154 2650 1173 2735; baseline -0.001 -20"><span class='ocrx_word' id='word_1_223' title='bbox 154 2650 307 2716; x_wconf 86' lang='lat' dir='ltr'>exitiosas</span> <span class='ocrx_word' id='word_1_224' title='bbox 330 2650 442 2714; x_wconf 85' lang='lat' dir='ltr'>euellit</span> <span class='ocrx_word' id='word_1_225' title='bbox 459 2672 499 2714; x_wconf 88' lang='lat' dir='ltr'>ex</span> <span class='ocrx_word' id='word_1_226' title='bbox 527 2650 633 2715; x_wconf 90' lang='lat' dir='ltr'>animo</span> <span class='ocrx_word' id='word_1_227' title='bbox 657 2651 836 2735; x_wconf 85' lang='lat' dir='ltr'>opiniones,</span> <span class='ocrx_word' id='word_1_228' title='bbox 858 2650 974 2715; x_wconf 89' lang='lat' dir='ltr'>inserit</span> <span class='ocrx_word' id='word_1_229' title='bbox 996 2671 1064 2733; x_wconf 88' lang='lat' dir='ltr'>eas,</span> <span class='ocrx_word' id='word_1_230' title='bbox 1089 2672 1173 2735; x_wconf 90' lang='lat' dir='ltr'>quae</span> 
     </span>
     <span class='ocr_line' id='line_1_30' title="bbox 153 2738 1174 2824; baseline -0.004 -18"><span class='ocrx_word' id='word_1_231' title='bbox 153 2740 181 2805; x_wconf 89' lang='lat' dir='ltr'>si</span> <span class='ocrx_word' id='word_1_232' title='bbox 204 2740 315 2806; x_wconf 87' lang='lat' dir='ltr'>colunt</span> <span class='ocrx_word' id='word_1_233' title='bbox 300 2743 355 2805; x_wconf 85' lang='lat' dir='ltr'>tur</span> <span class='ocrx_word' id='word_1_234' title='bbox 377 2739 481 2824; x_wconf 89' lang='lat' dir='ltr'>pietat</span> <span class='ocrx_word' id='word_1_235' title='bbox 447 2743 555 2804; x_wconf 90' lang='lat' dir='ltr'>atee</span> <span class='ocrx_word' id='word_1_236' title='bbox 541 2739 799 2822; x_wconf 87' lang='lat' dir='ltr'>tbenefioentia,</span> <span class='ocrx_word' id='word_1_237' title='bbox 823 2738 1005 2803; x_wconf 88' lang='lat' dir='ltr'>uberrimos</span> <span class='ocrx_word' id='word_1_238' title='bbox 1027 2742 1061 2802; x_wconf 89' lang='lat' dir='ltr'>et</span> <span class='ocrx_word' id='word_1_239' title='bbox 1081 2760 1174 2821; x_wconf 78' lang='lat' dir='ltr'>prae</span> 
     </span>
     <span class='ocr_line' id='line_1_31' title="bbox 114 2790 1173 2912; baseline 0.001 -23"><span class='ocrx_word' id='word_1_240' title='bbox 114 2851 140 2890; x_wconf 85' lang='lat' dir='ltr'>ao</span> <span class='ocrx_word' id='word_1_241' title='bbox 154 2830 426 2895; x_wconf 87' lang='lat' dir='ltr'>stantissimoset</span> <span class='ocrx_word' id='word_1_242' title='bbox 450 2828 545 2912; x_wconf 89' lang='lat' dir='ltr'>plane</span> <span class='ocrx_word' id='word_1_243' title='bbox 569 2827 725 2893; x_wconf 85' lang='lat' dir='ltr'>salutares</span> <span class='ocrx_word' id='word_1_244' title='bbox 748 2790 873 2891; x_wconf 76' lang='lat' dir='ltr'>frictus</span> <span class='ocrx_word' id='word_1_245' title='bbox 896 2827 1012 2891; x_wconf 85' lang='lat' dir='ltr'>ferunt.</span> <span class='ocrx_word' id='word_1_246' title='bbox 1059 2825 1106 2890; x_wconf 87' lang='lat' dir='ltr'>At</span> <span class='ocrx_word' id='word_1_247' title='bbox 1092 2831 1173 2911; x_wconf 87' lang='lat' dir='ltr'>tque</span> 
     </span>
     <span class='ocr_line' id='line_1_32' title="bbox 153 2913 1173 3070; baseline -0.001 -89"><span class='ocrx_word' id='word_1_248' title='bbox 153 2918 250 2983; x_wconf 89' lang='lat' dir='ltr'>huius</span> <span class='ocrx_word' id='word_1_249' title='bbox 275 2919 441 3070; x_wconf 62' lang='lat' dir='ltr'>quidemtt</span> <span class='ocrx_word' id='word_1_250' title='bbox 427 2917 510 2982; x_wconf 86' lang='lat' dir='ltr'>antti</span> <span class='ocrx_word' id='word_1_251' title='bbox 538 2939 575 2981; x_wconf 90' lang='lat' dir='ltr'>ao</span> <span class='ocrx_word' id='word_1_252' title='bbox 598 2920 664 2981; x_wconf 88' lang='lat' dir='ltr'>tam</span> <span class='ocrx_word' id='word_1_253' title='bbox 687 2915 844 2999; x_wconf 87' lang='lat' dir='ltr'>praeclari</span> <span class='ocrx_word' id='word_1_254' title='bbox 872 2914 1015 2979; x_wconf 87' lang='lat' dir='ltr'>muneris</span> <span class='ocrx_word' id='word_1_255' title='bbox 1038 2913 1173 2980; x_wconf 90' lang='lat' dir='ltr'>initium</span> 
     </span>
     <span class='ocr_line' id='line_1_33' title="bbox 154 3002 1174 3089; baseline 0.001 -22"><span class='ocrx_word' id='word_1_256' title='bbox 154 3005 237 3068; x_wconf 90' lang='lat' dir='ltr'>unde</span> <span class='ocrx_word' id='word_1_257' title='bbox 261 3007 344 3070; x_wconf 85' lang='lat' dir='ltr'>sumi</span> <span class='ocrx_word' id='word_1_258' title='bbox 367 3030 408 3089; x_wconf 93' lang='lat' dir='ltr'>ap</span> <span class='ocrx_word' id='word_1_259' title='bbox 411 3007 477 3070; x_wconf 91' lang='lat' dir='ltr'>tius</span> <span class='ocrx_word' id='word_1_260' title='bbox 500 3005 619 3089; x_wconf 93' lang='lat' dir='ltr'>potuit,</span> <span class='ocrx_word' id='word_1_261' title='bbox 643 3025 740 3088; x_wconf 87' lang='lat' dir='ltr'>quam</span> <span class='ocrx_word' id='word_1_262' title='bbox 762 3004 803 3066; x_wconf 91' lang='lat' dir='ltr'>ab</span> <span class='ocrx_word' id='word_1_263' title='bbox 829 3024 866 3068; x_wconf 90' lang='lat' dir='ltr'>co</span> <span class='ocrx_word' id='word_1_264' title='bbox 889 3003 985 3087; x_wconf 88' lang='lat' dir='ltr'>libro,</span> <span class='ocrx_word' id='word_1_265' title='bbox 1008 3002 1101 3067; x_wconf 89' lang='lat' dir='ltr'>cuius</span> <span class='ocrx_word' id='word_1_266' title='bbox 1125 3026 1174 3068; x_wconf 88' lang='lat' dir='ltr'>ar-</span> 
     </span>
     <span class='ocr_line' id='line_1_34' title="bbox 153 3091 1175 3192; baseline 0.001 -37"><span class='ocrx_word' id='word_1_267' title='bbox 153 3098 344 3178; x_wconf 85' lang='lat' dir='ltr'>gumentum</span> <span class='ocrx_word' id='word_1_268' title='bbox 289 3099 400 3158; x_wconf 92' lang='lat' dir='ltr'>umet</span> <span class='ocrx_word' id='word_1_269' title='bbox 423 3115 496 3157; x_wconf 90' lang='lat' dir='ltr'>oum</span> <span class='ocrx_word' id='word_1_270' title='bbox 518 3093 643 3159; x_wconf 85' lang='lat' dir='ltr'>ratione</span> <span class='ocrx_word' id='word_1_271' title='bbox 662 3097 846 3192; x_wconf 88' lang='lat' dir='ltr'>temporum</span> <span class='ocrx_word' id='word_1_272' title='bbox 865 3096 991 3155; x_wconf 88' lang='lat' dir='ltr'>etcum</span> <span class='ocrx_word' id='word_1_273' title='bbox 1013 3091 1080 3155; x_wconf 87' lang='lat' dir='ltr'>tuis</span> <span class='ocrx_word' id='word_1_274' title='bbox 1099 3112 1175 3156; x_wconf 88' lang='lat' dir='ltr'>con-</span> 
     </span>
     <span class='ocr_line' id='line_1_35' title="bbox 153 3179 1175 3266; baseline -0.001 -21"><span class='ocrx_word' id='word_1_275' title='bbox 153 3180 235 3245; x_wconf 89' lang='lat' dir='ltr'>siliis</span> <span class='ocrx_word' id='word_1_276' title='bbox 259 3185 348 3244; x_wconf 82' lang='lat' dir='ltr'>acet</span> <span class='ocrx_word' id='word_1_277' title='bbox 334 3181 432 3246; x_wconf 81' lang='lat' dir='ltr'>tudiis</span> <span class='ocrx_word' id='word_1_278' title='bbox 456 3181 578 3263; x_wconf 89' lang='lat' dir='ltr'>optime</span> <span class='ocrx_word' id='word_1_279' title='bbox 602 3180 775 3333; x_wconf 76' lang='lat' dir='ltr'>congruit?</span> <span class='ocrx_word' id='word_1_280' title='bbox 806 3179 885 3263; x_wconf 92' lang='lat' dir='ltr'>quid</span> <span class='ocrx_word' id='word_1_281' title='bbox 908 3179 994 3243; x_wconf 89' lang='lat' dir='ltr'>enim</span> <span class='ocrx_word' id='word_1_282' title='bbox 1013 3183 1175 3264; x_wconf 88' lang='lat' dir='ltr'>tempora,</span> 
     </span>
     <span class='ocr_line' id='line_1_36' title="bbox 113 3267 1175 3355; baseline -0.001 -21"><span class='ocrx_word' id='word_1_283' title='bbox 113 3292 140 3334; x_wconf 82' lang='lat' dir='ltr'>ss</span> <span class='ocrx_word' id='word_1_284' title='bbox 156 3270 233 3355; x_wconf 92' lang='lat' dir='ltr'>quid</span> <span class='ocrx_word' id='word_1_285' title='bbox 261 3273 326 3333; x_wconf 88' lang='lat' dir='ltr'>stat</span> <span class='ocrx_word' id='word_1_286' title='bbox 327 3291 364 3332; x_wconf 88' lang='lat' dir='ltr'>us</span> <span class='ocrx_word' id='word_1_287' title='bbox 391 3267 554 3333; x_wconf 82' lang='lat' dir='ltr'>Ecclesiae</span> <span class='ocrx_word' id='word_1_288' title='bbox 581 3269 701 3353; x_wconf 90' lang='lat' dir='ltr'>poscit,</span> <span class='ocrx_word' id='word_1_289' title='bbox 729 3267 808 3352; x_wconf 92' lang='lat' dir='ltr'>quid</span> <span class='ocrx_word' id='word_1_290' title='bbox 834 3272 872 3332; x_wconf 88' lang='lat' dir='ltr'>tu</span> <span class='ocrx_word' id='word_1_291' title='bbox 895 3271 954 3350; x_wconf 87' lang='lat' dir='ltr'>opt</span> <span class='ocrx_word' id='word_1_292' title='bbox 955 3289 990 3331; x_wconf 87' lang='lat' dir='ltr'>as</span> <span class='ocrx_word' id='word_1_293' title='bbox 1013 3288 1107 3331; x_wconf 90' lang='lat' dir='ltr'>curas</span> <span class='ocrx_word' id='word_1_294' title='bbox 1132 3289 1175 3333; x_wconf 87' lang='lat' dir='ltr'>uo</span> 
     </span>
     <span class='ocr_line' id='line_1_37' title="bbox 153 3354 1175 3513; baseline -0.003 -90"><span class='ocrx_word' id='word_1_295' title='bbox 153 3358 266 3513; x_wconf 83' lang='lat' dir='ltr'>magis,</span> <span class='ocrx_word' id='word_1_296' title='bbox 290 3379 386 3458; x_wconf 83' lang='lat' dir='ltr'>quam</span> <span class='ocrx_word' id='word_1_297' title='bbox 411 3355 602 3439; x_wconf 79' lang='lat' dir='ltr'>Concilium,</span> <span class='ocrx_word' id='word_1_298' title='bbox 630 3356 716 3441; x_wconf 92' lang='lat' dir='ltr'>quod</span> <span class='ocrx_word' id='word_1_299' title='bbox 739 3356 870 3420; x_wconf 90' lang='lat' dir='ltr'>unicum</span> <span class='ocrx_word' id='word_1_300' title='bbox 897 3359 931 3419; x_wconf 91' lang='grc'>11</span> <span class='ocrx_word' id='word_1_301' title='bbox 954 3354 1175 3420; x_wconf 83' lang='lat' dir='ltr'>certissimum</span> 
     </span>
     <span class='ocr_line' id='line_1_38' title="bbox 153 3441 1175 3532; baseline -0.003 -19.795"><span class='ocrx_word' id='word_1_302' title='bbox 153 3452 269 3513; x_wconf 74' lang='lat' dir='ltr'>natam</span> <span class='ocrx_word' id='word_1_303' title='bbox 287 3446 380 3532; x_wconf 82' lang='lat' dir='ltr'>graui</span> <span class='ocrx_word' id='word_1_304' title='bbox 399 3445 590 3529; x_wconf 87' lang='lat' dir='ltr'>discrimine,</span> <span class='ocrx_word' id='word_1_305' title='bbox 608 3450 676 3509; x_wconf 89' lang='lat' dir='ltr'>tam</span> <span class='ocrx_word' id='word_1_306' title='bbox 693 3445 878 3528; x_wconf 88' lang='lat' dir='ltr'>propinqua</span> <span class='ocrx_word' id='word_1_307' title='bbox 897 3441 1058 3507; x_wconf 89' lang='lat' dir='ltr'>communi</span> <span class='ocrx_word' id='word_1_308' title='bbox 1078 3450 1175 3526; x_wconf 88' lang='lat' dir='ltr'>peste</span> 
     </span>
    </p>
   </div>
   <div class='ocr_carea' id='block_1_3' title="bbox 0 0 1230 3862">
    <p class='ocr_par' dir='ltr' id='par_1_3' title="bbox 0 0 1230 3862">
     <span class='ocr_line' id='line_1_39' title="bbox 0 0 1230 3862; baseline 0 0"><span class='ocrx_word' id='word_1_309' title='bbox 0 0 1230 3862; x_wconf 95' lang='lat' dir='ltr'> </span> 
     </span>
    </p>
   </div>
  </div>
 </body>
</html>
