2452 3862
120 159 164 225 56
271 159 449 218 Prooemium
467 159 534 214 libri
552 161 588 215 de
606 159 821 230 Magistratibur
840 159 986 215 Romanis.

120 345 252 406 possum
275 321 428 407 conicere,
451 325 621 386 contemno
645 322 833 406 Principum
856 321 999 407 diuitias,
1025 322 1139 389 beatus

120 434 187 475 esse
211 431 344 492 possum
367 409 402 473 in
420 414 477 474 tua
495 411 730 497 beneuolentia,
753 411 837 474 unde
856 411 961 476 honor
981 414 1015 474 et
1037 411 1140 496 decus,

119 498 203 563 unde
236 498 399 580 praeclara
426 498 558 563 uirtutis
586 505 790 585 argumenta,
817 498 902 563 unde
930 500 1033 564 etiam
1058 523 1139 565 com-

119 586 214 650 moda
236 587 422 651 manabunt.
462 609 560 670 quare
584 610 737 653 conserua
760 588 849 673 mihi,
872 587 900 652 si
924 588 975 652 uis
999 611 1054 653 me
1072 589 1139 653 feli·

92 695 189 738 ocem
217 697 299 760 esse,
327 680 420 740 tuum
447 699 601 761 amorem,
629 698 725 760 quem
754 682 838 740 certe
861 676 1031 763 intelligas
1059 677 1138 741 mihi

120 763 244 847 deberi,
272 764 300 828 si
327 764 404 850 t,ibi
434 787 505 828 mea
534 787 616 848 quae
645 765 709 829 sint
695 769 814 851 terga
836 769 924 829 test
910 765 1016 848 t,udia
1044 766 1138 830 liceat

119 816 246 916 intueri.
293 851 353 916 Illa
375 875 462 938 uero,
487 875 569 937 quae
593 876 611 917 a
634 858 690 917 tua
708 853 910 954 benignitate
929 816 1139 938 proficiscun-

119 944 173 1003 tur
178 941 366 1040 ,persuade
390 942 453 1005 tibi
481 941 542 1006 hoc
565 942 771 1026 potissimum
792 941 936 1027 nomine,
961 943 1042 1027 quia
1066 948 1139 1008 sunt

119 1029 237 1093 amoris
261 1034 459 1115 argumenta,
416 1030 561 1094 tmihi
585 1053 653 1095 esse
677 1031 846 1095 carissima
891 1053 999 1114 neque
1026 1037 1138 1118 egote

80 1140 106 1178 ιο
120 1140 274 1217 umquam
303 1141 342 1181 ex
374 1119 540 1204 beneficio,
568 1119 624 1183 sed
650 1119 842 1183 beneficium
869 1141 997 1203 semper
1035 1142 1075 1184 ex
1108 1125 1139 1184 te

119 1206 191 1289 ipsc
211 1207 357 1290 pendam
390 1206 526 1271 Librum
541 1207 578 1270 de
596 1207 767 1293 Magisttra
703 1208 851 1291 ttibus,
872 1230 969 1290 quem
988 1209 1141 1295 petieraS,

119 1295 224 1359 habeo
258 1295 387 1360 absolut
373 1300 457 1382 tum,
488 1296 631 1360 nondum
663 1301 771 1360 tamen
804 1296 971 1363 edendum.
1028 1301 1139 1398 ltaque

120 1384 353 1470 comprimitur,
366 1407 470 1469 usque
485 1385 561 1449 dum
571 1389 716 1450 accurate
731 1385 919 1468 perpoliam.
934 1385 1140 1468 prooemium

120 1473 236 1559 degust
237 1474 323 1559 abia,
357 1474 445 1557 quod
477 1474 562 1537 adt
548 1478 581 1537 te
609 1496 681 1538 curn
712 1473 772 1538 hac
804 1477 962 1537 nocturna
1000 1475 1141 1558 epistola

81 1583 106 1621 15
121 1562 221 1626 statui
244 1563 380 1627 mittere.
426 1562 515 1626 Vale.
552 1562 604 1626 Ex
628 1561 761 1626 aedibus
783 1561 903 1626 nostris
926 1566 1001 1627 ante
1026 1564 1141 1628 lucem.

121 1649 203 1732 [Aut
227 1673 310 1714 anno
333 1648 504 1713 MDLVIII
527 1655 583 1713 aut
605 1673 672 1715 non
694 1651 797 1715 multo
816 1650 914 1734 ante]

521 1935 733 1942 m—

510 2161 751 2227 Prooemium

276 2268 373 2333 libri
396 2269 438 2332 de
461 2268 766 2354 Magistratibus
788 2267 980 2333 Romanis.

210 2444 303 2518 Quod
332 2445 367 2507 in
398 2445 526 2527 priuata
557 2443 651 2508 domo
681 2449 774 2526 pater
801 2443 957 2526 familias,
986 2443 1075 2508 idem
1104 2445 1140 2508 in

82 2554 107 2592 ιο
122 2530 253 2594 ciuitate
277 2535 421 2614 praestat
439 2530 501 2594 lex.
526 2531 580 2594 ille
604 2532 764 2616 praecipit
782 2533 867 2616 filiis,
891 2531 969 2616 quid
987 2537 1089 2618 agant
1109 2536 1142 2597 et

122 2640 185 2702 qua
217 2618 341 2682 ratione
370 2624 481 2705 agant,
511 2620 590 2684 haec
618 2620 689 2684 iura
717 2621 844 2685 ciuibus
871 2620 1002 2685 mandat
1034 2625 1068 2684 et
1101 2620 1142 2684 ad

121 2706 291 2792 pietatem,
324 2707 364 2770 ad
393 2712 517 2773 rectum
549 2731 607 2792 spe
631 2710 848 2793 praemiorum
876 2708 1009 2792 inuitat,
1038 2730 1058 2772 a
1088 2709 1141 2772 de-

119 2796 199 2861 licto
223 2797 391 2880 proposita
414 2820 519 2880 poena
542 2798 690 2862 deterret.
737 2797 1007 2882 quemadmodum
1029 2802 1142 2861 autern

120 2886 168 2950 rei
192 2885 338 2969 priuatae
365 2908 432 2950 non
458 2886 520 2951 hoc
548 2909 612 2951 uno
641 2886 833 2971 consulitur,
861 2885 889 2949 si
912 2885 969 2969 sit,
996 2885 1054 2969 qui
1084 2887 1142 2949 im-

82 2995 109 3036 25
123 2979 228 3058 peret,
252 2997 365 3039 uerum
393 2975 474 3039 illud
492 2979 659 3060 praeterea
682 2975 870 3059 requiritur,
898 2978 935 3037 ut
963 2973 1141 3058 imperanti

123 3063 292 3126 domestici
320 3086 431 3128 omnes
460 3068 608 3146 pareant:
637 3064 682 3127 sic
706 3063 740 3126 in
764 3063 909 3147 ciuitate,
938 3061 1002 3126 nisi
1032 3062 1143 3148 legem

121 3148 240 3231 aliquis
262 3155 393 3215 tueatur
421 3156 465 3235 et,
494 3156 530 3215 ut
558 3153 588 3215 ei
616 3151 711 3235 ciueS,
742 3151 833 3234 quasi
857 3150 985 3235 parenti
1015 3151 1142 3235 optimo

122 3236 192 3320 filii,
225 3237 392 3301 audientes
426 3239 505 3323 sint,
542 3243 704 3321 potestate
742 3239 943 3323 imperioque
983 3240 1143 3325 perficiat,

124 3347 190 3390 non
213 3325 320 3389 estin
343 3325 415 3408 ipsa
438 3326 510 3411 lege
534 3327 686 3409 praesidii
710 3327 788 3392 satis
808 3328 994 3412 optimeque
1018 3349 1055 3391 ac
1074 3328 1142 3392 lau·

83 3436 110 3476 eo
124 3413 276 3478 (labiliter
302 3413 433 3478 uiuendi
464 3415 664 3499 praescripta
692 3437 805 3480 norma
834 3415 1021 3502 negligitur.
1076 3438 1141 3500 quo

123 3503 170 3588 fit,
193 3507 229 3568 ut
252 3507 320 3568 tam
342 3502 408 3589 legi
431 3503 630 3583 necessarius
653 3503 801 3569 uideatur
824 3527 893 3570 esse
921 3504 1143 3590 magistratus,
