2452 3862
302 185 387 242 XXV.
410 187 505 240 Marco
524 184 648 240 Antonio
666 183 865 239 Lombardino.
1049 183 1093 248 55

80 352 113 412 11
137 347 316 413 doctrinam
338 352 428 412 tuam
451 347 561 411 eadem
583 346 664 411 hora
686 344 847 430 perspexi.
884 349 962 409 tunc
981 366 1042 430 ego
1061 349 1094 409 te

81 437 173 520 coepi
197 440 230 501 et
253 436 387 522 diligere
411 440 443 500 et
466 433 659 519 praedicare,
681 456 741 499 nec
759 434 903 499 desinam
921 436 1094 517 utrumque

79 525 193 607 facere,
217 547 313 609 quam
332 525 484 589 diuturna
506 522 586 587 mihi
611 522 740 587 dabitur
758 543 856 587 usura
878 521 974 607 uitae,
998 543 1095 606 quan·

80 613 253 696 doquidem
279 635 339 678 nec
365 618 402 677 tu
430 611 556 676 desines
584 633 653 675 esse
681 611 730 676 tui
754 610 881 695 similis,
909 611 992 675 idest
1021 632 1094 675 cum

79 701 223 785 optimus
251 702 303 766 uir
330 702 501 785 officioque
529 699 701 784 excellens,
724 704 794 764 tum
821 721 898 764 uero
927 703 1036 764 tantus
1059 699 1094 762 in
1121 719 1134 758 s

78 790 213 875 uirtute,
246 794 402 874 quantum
435 811 507 854 curn
537 789 668 875 1111111
698 793 815 853 natura
847 787 1020 874 singularis
1047 787 1094 850 in-

79 878 203 942 dustria
229 879 338 963 potuit
370 878 504 943 efficere.
558 877 692 942 Interim
720 881 797 961 peto
825 899 844 939 1
871 881 917 962 11,
949 875 1029 940 meis
1057 879 1094 940 ut

78 967 348 1050 occupationibus
376 966 525 1053 ignoscas
553 971 586 1030 et
613 966 816 1031 uoluntatem
838 965 873 1029 in
899 969 932 1029 te
955 986 1093 1048 propen-

78 1077 156 1140 sam,
179 1055 255 1120 licet
278 1055 365 1120 absit
387 1078 448 1141 res,
470 1060 579 1120 tamen
603 1077 699 1119 ames.
736 1054 826 1119 Vale.
851 1052 1020 1138 [MDLVII
1038 1057 1094 1116 aut

77 1142 262 1227 insequenti
286 1145 392 1229 anno]
707 1219 708 1224 γ
912 1207 917 1218 ,
1107 1161 1133 1200 10

479 1339 693 1349 1.-

534 1565 633 1631 XXV.

93 1708 220 1774 Marco
243 1708 414 1774 Antonio
441 1706 700 1773 Lombardino
730 1706 933 1772 Patauium
957 1715 1070 1786 (H,2a).

165 1849 243 1934 Scis,
266 1850 389 1934 optime
412 1849 642 1934 Lombardine,
674 1848 911 1935 benignitatem
939 1872 957 1913 a
986 1849 1092 1934 philo·

75 1938 202 2023 sophis,
229 1939 334 2024 magis
362 1938 459 2002 etiam
482 1960 501 2001 a
525 1935 717 2002 Christianis
743 1937 931 2003 hominibus
958 1937 1090 2002 laudari.

73 2031 161 2090 recte
184 2025 218 2088 id
242 2024 385 2109 quidem3
406 2025 490 2089 nihil
513 2025 598 2088 enirn
622 2029 679 2110 est,
703 2025 790 2108 quod
808 2026 971 2091 hominem
990 2044 1133 2110 aequem

75 2135 150 2177 eum
172 2112 241 2175 Deo
265 2111 448 2195 coniungat,
486 2111 621 2175 sedilia
644 2113 749 2176 cautio
773 2114 959 2199 requiritur,
981 2119 1018 2178 ut
1041 2115 1093 2178 ad·

75 2201 120 2263 sit
151 2219 223 2261 curn
255 2197 423 2262 uoluntate
460 2197 640 2281 prudentia.
694 2199 863 2263 thesauros
901 2201 1093 2284 plerumque

75 2287 186 2351 uideas
218 2285 253 2349 in
285 2285 426 2368 aliquem
459 2285 597 2350 conferri
628 2285 670 2349 ab
700 2285 755 2370 iis,
789 2285 846 2369 qui
879 2286 1092 2352 dominantur.

76 2397 195 2460 quaere
218 2396 375 2439 caussam:
393 2373 589 2439 laudabilem
611 2373 734 2438 nnllam
757 2373 907 2457 reperies.
942 2375 1015 2459 quis
1033 2376 1092 2463 111-

73 2469 128 2529 tur
155 2463 348 2528 beneficium
375 2461 456 2528 illud
482 2462 696 2548 praedicabit,
719 2463 754 2526 in
778 2485 843 2546 quo
870 2485 976 2548 neque
999 2464 1092 2530 meri·
1106 2486 1133 2526 ao

73 2557 145 2617 tum
182 2551 371 2636 accipientis
411 2574 518 2636 neque
555 2551 708 2617 iudicium
745 2552 851 2617 dantis
882 2554 1092 2639 agnoscitur?

74 2641 236 2725 Equidem
259 2663 319 2724 pro
338 2641 465 2727 magnis
484 2640 604 2724 opibus
627 2641 776 2706 existimo
800 2642 983 2708 hesternam
1002 2644 1092 2709 illam

74 2729 173 2794 animi
201 2730 251 2793 tui
279 2729 556 2815 significationem.
604 2730 690 2813 quod
718 2730 803 2794 enim
832 2730 872 2794 ad
899 2753 950 2795 me
974 2755 1092 2796 munus

72 2816 204 2904 misisti,
233 2821 303 2881 tum
331 2822 380 2882 est
402 2817 511 2901 ipsum
534 2839 593 2901 per
615 2840 648 2882 se
672 2823 815 2906 gratum,
844 2819 921 2902 quia
948 2819 1090 2903 pertinet

73 2906 114 2970 ad
137 2928 174 2970 ea
197 2906 373 2991 commoda,
395 2906 464 2970 sine
489 2906 610 2989 quibus
633 2906 796 2970 imbecilla
823 2906 1008 2970 ualetudine
1033 2907 1090 2990 qui
1104 2924 1130 2965 aa

74 2998 159 3080 sunt,
182 3015 278 3080 aegre
302 2998 531 3078 sustentantur,
553 2999 624 3058 tum
642 3015 719 3058 uero
738 2993 841 3058 multo
861 2994 994 3081 gratius,
1014 2994 1091 3079 quia

71 3082 183 3147 iudicii
205 3083 255 3146 tui
284 3081 378 3146 laude
406 3081 655 3147 commendatur.
700 3081 763 3145 nisi
794 3081 879 3146 enim
908 3082 971 3147 tibi
1000 3107 1090 3149 meae

71 3172 160 3236 uitae
190 3170 287 3255 ratio,
309 3170 370 3234 nisi
401 3192 451 3258 ea,
478 3171 513 3234 in
538 3168 658 3254 quibus
685 3169 811 3234 assidue
833 3192 958 3257 uersor,
984 3174 1091 3238 studia

70 3261 301 3344 probarentur:
323 3280 376 3323 me
393 3263 431 3323 tu
453 3263 548 3342 certe,
573 3260 629 3342 qui
652 3258 894 3343 probabitatem
919 3261 1007 3346 colis,
1032 3261 1089 3345 qui

73 3348 220 3413 doctrina
247 3347 444 3434 ingenioque
480 3346 623 3432 excelliS,
656 3347 813 3413 beneficio
841 3371 908 3414 non
935 3350 1087 3414 afficeres.
1102 3360 1130 3400 ³⁰

72 3436 202 3521 quando
234 3436 336 3522 igitur
368 3458 408 3500 ex
435 3435 498 3500 ista
527 3441 583 3500 tua
614 3435 650 3500 in
673 3459 725 3500 me
755 3436 882 3501 liberali
912 3437 1089 3517 uoluntate,

69 3524 150 3609 quid
179 3523 217 3588 de
245 3524 326 3589 meis
348 3523 507 3610 moribus,
533 3523 612 3607 quid
635 3525 673 3589 de
695 3524 814 3590 litteris
841 3524 973 3608 sentias,
996 3520 1089 3586 facile
