2452 3862
309 115 312 122 Ι
362 164 434 223 ΧΙΧ.
462 164 617 236 Hippolyto
633 163 756 225 neena,
1023 165 1066 229 47

65 352 91 394 so
116 348 272 415 magnum
295 326 401 391 studia
423 349 495 391 mea
521 348 672 411 measque
695 349 746 391 res
770 326 885 391 adiisse
908 329 1069 412 damnum,

65 417 176 503 [uibus
199 439 217 480 a
240 422 272 481 te
295 437 356 500 pro
382 419 439 480 tuo
467 414 619 480 instituto
647 415 814 500 uete'rique
837 415 1068 480 consuetudine

65 504 238 572 consultum
267 503 307 569 iri
338 503 461 588 optime
491 525 552 588 pro
583 508 671 576 certo
702 504 935 575 existimabam.
983 504 1069 588 quod

65 594 181 680 [nando
206 593 252 657 ita
275 591 392 657 accidit
415 596 447 656 et
471 590 599 676 quando
626 614 678 657 me
706 614 725 655 a
746 597 805 657 tuo
829 592 979 657 conuictu
1001 614 1068 656 non

65 705 125 752 naa
152 681 320 766 uoluntas,
352 703 419 746 non
448 679 603 749 iudicium
632 685 689 751 aut
719 681 786 749 ulia
814 681 932 749 mentis
962 681 1069 751 incon·
1096 707 1111 747 s

65 771 188 855 stantia,
212 770 274 838 aad
299 768 447 853 corporis
467 768 677 839 imbecillitas
695 774 798 854 atque
819 769 900 839 haec
919 769 1070 838 annuer-

65 859 130 929 arii
167 880 204 925 ac
234 880 338 943 paene
372 858 439 927 iam
475 858 626 942 perpetui
655 858 765 926 rnorbi
802 858 853 926 uis
884 858 1072 942 importuna

65 947 211 1035 eiuugit
234 951 311 1031 peto
335 967 354 1012 a
376 951 423 1028 te,
443 945 602 1031 Princeps
623 946 868 1031 annaneane,
891 946 925 1011 id
947 946 1072 1031 sacen,

65 1037 141 1122 laod
163 1036 198 1100 in
217 1040 283 1121 tua,
304 1057 371 1103 non
394 1034 429 1103 in
448 1035 598 1103 fortunae
619 1056 718 1103 anana
740 1034 841 1104 situm
865 1039 923 1119 est,
945 1035 1071 1103 tribuas

65 1125 270 1212 rtlargiare,
297 1127 334 1188 ut
364 1123 592 1193 beneuolentie
620 1123 701 1190 mihi
731 1128 790 1189 tua
821 1128 866 1208 at,
895 1145 977 1208 quae
1008 1123 1071 1188 fuit
1086 1151 1113 1191 ιο

65 1217 151 1282 antea
179 1217 226 1298 et,
249 1234 346 1297 quae,
373 1212 401 1277 si
425 1211 465 1278 ad
488 1212 688 1298 cerassem,
719 1213 828 1281 futura
847 1217 933 1297 rorat,
962 1211 1072 1277 cadem

65 1305 273 1370 conseruntur.
312 1301 374 1366 hoc
393 1301 421 1366 si
439 1323 602 1386 assequor,
625 1302 741 1370 beatus
763 1302 825 1366 hac
847 1322 912 1367 una
934 1322 968 1365 re
992 1323 1073 1387 curn,

65 1395 164 1457 cetera
195 1389 404 1474 paruimdo.
464 1411 501 1458 ea
537 1411 636 1472 porro
670 1389 750 1454 mihi
785 1392 821 1453 ut
856 1392 1072 1475 conseruntur,

65 1478 109 1542 ita
132 1478 274 1562 postulo,
297 1478 330 1544 si
349 1499 417 1561 ane,
445 1477 550 1561 quadis
571 1477 608 1547 in
630 1476 704 1548 arula
726 1481 783 1541 tua
805 1476 952 1561 fuissem,
974 1475 1073 1544 talem

65 1588 131 1633 esse
167 1567 336 1634 absentem
375 1565 592 1651 intellexeris,
636 1565 720 1634 idest
755 1565 987 1635 consonantem
1023 1563 1072 1634 cu
1086 1589 1113 1630 15

65 1659 181 1739 tuaque
208 1655 242 1720 in
269 1655 363 1720 laude
392 1655 480 1725 omni
508 1654 614 1723 studio
643 1658 676 1719 et
704 1653 900 1740 cogitatione
924 1652 1073 1722 defixum.

65 1741 151 1820 Quod
178 1743 210 1810 si
242 1744 437 1828 quibusdam
468 1743 587 1808 litteris
623 1743 750 1814 animus
782 1764 801 1811 a
832 1764 883 1808 me
916 1745 992 1810 tuus
1024 1744 1073 1806 est

65 1831 214 1917 offensus„
234 1832 326 1916 quod
348 1833 383 1897 in
404 1832 446 1897 iis
474 1831 562 1899 dicar
583 1831 691 1901 minus
717 1833 870 1918 fortasse,
894 1851 994 1915 'quam
1020 1829 1074 1899 de·

65 1920 142 2006 cuit,
170 1921 209 1985 de
236 1925 269 1984 te
297 1926 353 1985 aut
381 1921 420 1985 de
443 1920 510 1987 tuis
530 1920 676 1988 modeste
702 1920 846 2005 locutus,
874 1918 960 2003 quod
988 1923 1074 1988 certe

65 2029 152 2077 secus
175 2013 233 2093 est,
253 2009 312 2073 sad
331 2009 363 2074 si
381 2031 433 2074 me
452 2014 532 2074 tunc
556 2030 664 2079 aurea
682 2008 913 2076 consuetudine
929 2007 1074 2092 impetus
1087 2031 1114 2072 co

65 2095 192 2180 quidm
210 2097 403 2166 abduxisset
424 2097 622 2164 iracundiae:
642 2097 731 2166 nosti
755 2119 815 2181 pro
839 2101 896 2161 tua
914 2095 1074 2180 sapientia

65 2183 227 2271 insenum
249 2186 434 2255 humanum.
476 2207 593 2271 magna
615 2185 667 2249 uis
689 2184 810 2255 doloris
828 2189 891 2254 est.
936 2183 1074 2267 impelii-

65 2293 135 2339 mur
146 2295 249 2358 saepe
266 2274 406 2360 longius,
430 2295 527 2357 quam
544 2272 628 2338 ratio
643 2272 801 2342 concedat
824 2275 866 2357 et,
886 2272 975 2339 facta
987 2291 1074 2352 quae

65 2365 146 2450 suut,
175 2362 286 2446 paullo
310 2368 386 2446 post
413 2363 533 2428 infecta
555 2363 677 2430 frustra
703 2360 860 2445 cupimus.
906 2362 939 2424 te
964 2362 1075 2428 tamen

65 2447 109 2517 aa
132 2449 227 2514 docet
254 2450 420 2537 ignoscere
448 2449 551 2516 dolori
579 2472 665 2536 neo,
695 2449 723 2514 si
751 2471 790 2514 ex
818 2449 918 2532 iusta,
942 2451 984 2511 ut
1013 2468 1073 2533 ego
1088 2472 1115 2512 25

65 2537 212 2622 arbitror,
234 2560 346 2604 caussa
363 2543 539 2624 susceptus
563 2544 619 2609 est.
662 2538 712 2604 sin
729 2538 830 2606 aliter
852 2537 914 2603 tibi
937 2535 1075 2614 uidetur,

66 2623 229 2712 ignoscere
261 2631 369 2693 tamen
401 2629 513 2712 debes,
549 2632 587 2692 ut
619 2628 743 2697 eluceat
776 2627 881 2714 magis
914 2626 947 2689 in
980 2623 1076 2708 cupa

65 2711 254 2784 bonanus.
301 2717 437 2799 quaesi
466 2716 553 2786 omni
581 2716 679 2803 digna
700 2715 856 2799 'Principe
884 2714 989 2784 curtus
1017 2717 1075 2796 ost,

65 2803 95 2866 ta
129 2804 266 2869 uidetur
302 2803 452 2889 Principe
494 2805 697 2892 dignissima,
739 2827 835 2889 quem
871 2803 911 2867 ad
947 2821 1076 2866 ornnem

65 2887 189 2959 laudem
231 2895 348 2957 natura
386 2893 513 2979 genuit,
555 2893 726 2977 disciplina
767 2891 920 2978 erudiunt,
960 2887 1075 2952 multo·
1089 2914 1116 2954 eo

65 2999 130 3051 mm
160 3001 323 3046 annorum
349 2981 550 3048 consuetudo
578 2981 759 3050 assuefecit.
805 2979 900 3062 Vale,
921 2975 1076 3042 Venetiis

65 3065 270 3147 [dfflLVflI]

465 3243 678 3263 ,ιιι-...μ-
