2452 3862
125 187 172 250 24
453 184 527 240 xm.
554 185 697 255 Stephano
717 183 821 240 1111.

128 372 197 415 1111
226 353 404 432 uersatum,
430 352 468 412 ut
495 369 592 411 unam
620 347 760 411 maxime
788 350 967 430 spectarem
997 346 1163 431 eloquen-

127 439 217 522 tiam,
239 459 338 501 unam
362 437 513 521 colerem,
535 457 632 499 unam
660 435 842 499 admirarer.
889 438 987 518 atque
1013 435 1083 500 hoc
1108 461 1164 503 me

128 525 235 590 studio
260 526 338 589 satis
365 547 436 589 mea
465 528 581 609 sponte
609 524 800 609 flagrantem
833 523 937 586 acrius
970 522 1159 590 inflamma-

127 615 208 678 bant
227 614 260 698 ii,
280 613 336 697 qui
355 618 425 677 turn
443 613 591 677 homines
608 612 775 696 uiuebant,
793 611 949 694 Bembus,
969 609 1162 701 Sadoletus,

102 702 333 787 sBonamious,
358 724 497 785 quorum
519 700 650 766 nomina
672 722 732 784 per
755 700 868 764 orbem
890 704 1056 765 terrarum
1078 703 1160 768 cele-

128 792 222 855 brata
246 791 448 856 sermonibus
472 793 504 853 et
531 788 661 872 scriptis
685 789 849 875 exstingui
870 788 961 853 nulla
983 794 1161 857 uetustate

127 902 223 964 posse
251 879 484 965 intelligebam.
537 877 637 943 Polus
669 877 721 941 hic
748 881 872 963 noster,
906 877 962 960 qui
995 900 1091 945 nuno
1125 881 1158 946 in

126 968 216 1032 omni
239 967 333 1032 laude
357 967 511 1051 omnique
534 967 657 1030 uirtute
676 970 788 1030 tantus
807 969 864 1051 est,
888 965 955 1030 suis
976 988 1032 1030 me
1054 969 1158 1054 serip-

129 1056 173 1120 tis
206 1057 355 1140 capiebat
383 1061 480 1140 atque
508 1055 672 1120 afficiebat
704 1054 852 1118 maxime.
898 1076 959 1140 ego
993 1059 1087 1144 tum,
1119 1064 1157 1124 ut

88 1167 115 1207 10
130 1149 199 1209 erat
222 1149 309 1209 aetas
332 1167 412 1230 mea,
435 1149 564 1229 praeter
581 1144 756 1209 uerborum
776 1148 808 1207 11
826 1143 1062 1208 nonnullarum
1089 1169 1157 1212 sen·

127 1234 303 1298 tentiarum
327 1237 515 1298 ornamenta
541 1232 624 1297 nihil
651 1232 874 1318 agnoscebam.
920 1253 1003 1316 pure
1032 1237 1070 1299 et
1096 1237 1156 1301 ele-

126 1327 242 1408 ganter
265 1322 404 1388 scribere
427 1322 586 1405 putabam
613 1343 681 1385 esse
705 1320 751 1405 id,
781 1321 868 1404 quod
891 1342 992 1384 unum
1016 1321 1046 1386 si
1073 1344 1157 1390 asse

128 1433 257 1497 querer,
290 1410 487 1475 excellerem.
539 1411 595 1475 sed
624 1409 843 1474 Rhambertus
877 1431 981 1494 meus,
1019 1411 1081 1494 qui
1116 1436 1153 1478 11

128 1499 280 1584 Gasparis
305 1499 486 1584 Contemni,
514 1497 783 1583 praestantissimi
811 1497 887 1583 uiri,
915 1501 1155 1568 consuetudine

87 1609 113 1650 11
127 1588 334 1671 prudentiam
361 1589 525 1672 hauserat,
557 1587 723 1670 praeclara
755 1586 911 1670 quaedam
942 1589 1089 1655 notabat
1120 1591 1153 1656 in

125 1675 208 1740 Polo
231 1698 349 1759 meque
368 1675 478 1758 paullo
498 1679 604 1739 aetate
622 1675 816 1761 inferiorem,
839 1697 879 1739 11
898 1675 1036 1761 uulgata
1057 1700 1152 1744 uena·

125 1763 208 1827 lium
234 1764 463 1849 magistrorum
492 1762 663 1846 disciplina
691 1765 802 1828 rudem
830 1769 929 1847 atque
957 1763 1152 1850 impolitum

126 1851 295 1915 erudiebat
310 1856 343 1915 11
357 1852 579 1917 conformabat
598 1853 755 1937 exemplo.
796 1857 866 1917 tum
887 1853 1029 1941 quidem,
1052 1878 1152 1940 quan·

125 1944 197 2003 tum
225 1941 429 2027 proficerem,
456 1962 522 2004 non
548 1963 600 2004 me
628 1941 816 2025 paenitebat
846 1945 879 2005 11
909 1963 948 2005 11
979 1942 1034 2028 111,
1069 1968 1151 2030 quae

87 2029 276 2113 1111111111,
299 2029 517 2093 frmdamentis
536 2029 660 2113 aliquid
683 2029 852 2115 eiusmodi,
877 2029 971 2113 quale
997 2053 1062 2118 ego
1087 2035 1150 2099 uel·

124 2116 199 2202 lem,
223 2117 355 2181 excitari
379 2117 550 2202 aliquando
575 2140 669 2201 posse
692 2118 873 2183 uidebatur.
920 2119 1030 2184 sedin
1050 2124 1151 2188 rebus

123 2206 275 2270 humanis
304 2207 377 2291 quis
405 2211 466 2292 est,
494 2207 545 2271 oui
572 2207 655 2272 nihil
690 2229 844 2292 umquam
876 2229 967 2272 secus
1000 2211 1151 2278 accidat?

124 2318 198 2359 cum
221 2295 477 2380 ineloquentiae
496 2297 602 2361 studio
621 2296 743 2361 multus
762 2318 865 2360 essem
882 2298 1044 2363 11111111
1064 2301 1148 2366 uale-

127 2384 233 2447 tudini
261 2406 439 2470 parcerem,
465 2385 562 2448 incidi
592 2386 627 2448 in
654 2385 812 2449 morbum.
864 2384 921 2468 qui
954 2407 1028 2450 cum
1065 2395 1149 2455 esset

83 2491 111 2533 11
124 2493 185 2555 per
203 2493 237 2535 11
255 2473 374 2558 grauis,
395 2478 466 2536 tum
484 2494 522 2536 eo
540 2473 646 2537 factus
668 2477 716 2538 est
734 2473 953 2559 periculosior,
978 2477 1070 2558 quod
1088 2500 1149 2543 111

125 2559 206 2623 mihi
233 2559 392 2624 librorum
419 2583 438 2623 a
469 2561 601 2625 medicis
633 2562 804 2627 interdicto
835 2585 953 2649 magna
986 2586 1067 2631 sane
1099 2572 1147 2633 111

125 2647 224 2712 animi
254 2648 317 2712 mei
345 2648 471 2713 affectio
504 2654 602 2734 atque
635 2651 803 2737 aegritudo
837 2656 1017 2717 consecuta.
1070 2661 1148 2740 post

125 2736 294 2801 biennium
317 2737 455 2820 denique
473 2738 657 2803 ualetudine
680 2746 881 2826 recuperata,
905 2763 978 2805 cum
1002 2750 1147 2826 praeter·

124 2826 163 2891 iti
194 2825 352 2909 temporis
383 2826 539 2892 1111111111
576 2829 692 2893 sarcire
725 2829 894 2915 diligentia
931 2829 1068 2919 uellem,
1107 2834 1146 2898 ad

83 2936 111 2978 1ο
124 2915 263 3001 pristina
286 2915 391 2980 studia
413 2916 600 2981 redeuntem
628 2923 824 3002 excepenmt
852 2918 1049 2984 domesticae
1074 2944 1148 2989 con·

124 3004 313 3089 trouersiae,
342 3027 422 3089 quas
449 3027 554 3090 neque
577 3006 687 3070 sedare
717 3006 851 3070 minimo
879 3007 1013 3093 negotio
1038 3032 1146 3096 neque

123 3093 289 3177 negligere
311 3093 378 3158 sine
398 3095 490 3180 graui
508 3116 652 3159 mearum
670 3096 873 3159 fortunarum
892 3095 994 3160 exitio
1013 3097 1146 3165 licebat.

39 3206 41 3212 ’
122 3180 175 3244 his
199 3201 327 3265 quoque
349 3204 400 3246 me
429 3183 678 3248 difficultatibus
700 3183 872 3268 aliquando
896 3184 933 3268 is,
956 3184 1009 3250 cui
1033 3189 1149 3254 omnia

124 3269 237 3352 debe0,
261 3268 381 3352 eripuit
403 3271 500 3335 Deus.
537 3271 655 3337 Lucem
679 3272 753 3355 iam,
777 3273 868 3357 quasi
892 3273 947 3338 diu
970 3296 1032 3358 per
1057 3281 1146 3343 tene·

80 3377 110 3418 11
123 3358 201 3422 bras
224 3379 391 3443 errassem,
419 3359 553 3423 uidebar
580 3361 731 3444 aspicere.
778 3365 810 3425 et
838 3384 1036 3446 quamquam
1064 3367 1147 3432 mul-

123 3452 232 3512 torum
263 3468 420 3511 annorum
453 3447 569 3514 amisso
602 3450 710 3515 fructu
743 3455 812 3514 erat
845 3472 934 3534 sane,
966 3473 1026 3517 111
1055 3455 1147 3544 inge·

121 3537 290 3601 miscercm
309 3536 475 3621 uitamque
494 3537 574 3601 mihi
592 3538 677 3603 haud
696 3539 775 3604 satis
794 3539 966 3604 iucundam
981 3547 1148 3632 putarem,
