2452 3862
156 118 200 183 50
494 113 579 170 xm.
607 113 698 168 nara>
717 111 834 179 naono.

157 300 289 364 caperes
329 299 400 342 eam
430 275 571 360 laudem,
609 297 689 360 quae
721 275 785 340 tibi
818 274 953 340 debetur
985 273 1115 343 iudicio
1146 299 1180 344 ac

157 364 343 433 testimonio
368 364 603 449 praestantium
637 365 789 429 uirorum.
839 362 927 447 quod
954 362 1044 430 site
1070 366 1179 433 cohor·

146 455 255 522 tando
285 476 416 537 possem
445 454 615 538 adducere,
647 457 683 517 ut
712 453 751 517 de
778 451 973 535 migratione
1002 453 1178 540 cogitares:

157 542 351 629 aggrederer
388 546 421 609 et
452 542 488 606 in
519 542 601 607 hanc
633 541 792 606 rationem
823 544 912 605 totus
943 540 1176 611 incumberem

119 655 144 695 „a
157 654 271 697 uerum
292 653 397 716 neque
422 631 503 696 mihi
525 631 564 694 de
588 634 676 695 statu
698 651 807 695 rerum
829 634 959 694 tuarum
982 635 1116 699 constat
1138 637 1176 717 ct,

158 721 186 786 si
209 720 432 786 cohortatione
454 718 578 785 moueri
605 722 713 804 potes,
740 718 812 802 ipsa
838 722 872 783 te
895 739 947 783 rea
969 738 1174 806 nequaquam

145 808 229 892 tibi,
251 814 289 874 ut
312 808 438 895 opinor,
461 809 598 873 obscura
620 807 673 872 uel
696 828 747 871 me
766 810 893 872 tacente
913 806 1012 872 debet
1031 807 1172 877 incitare.

145 897 250 974 -Quod
282 898 362 962 scire
394 897 445 961 uis
484 898 524 961 de
555 895 636 961 meis
668 895 933 980 antiquitatibus,
969 895 1053 962 haec
1089 902 1173 967 smt:
1208 962 1210 967 .

156 985 242 1050 liber
270 1008 355 1050 nunc
385 984 584 1069 imprimitur
610 984 648 1047 de
678 983 821 1070 legibue,
858 1005 968 1069 quem,
1006 1005 1084 1050 cum
1116 980 1172 1052 erit

117 1099 143 1138 ιο
157 1074 341 1160 absolutuS,
363 1075 483 1138 curabo
507 1073 548 1137 ad
570 1077 603 1137 te
622 1071 856 1156 perferendum.
898 1072 983 1136 edidi
1005 1072 1075 1138 iam
1093 1097 1172 1140 corn·

156 1163 351 1227 mentarium
369 1163 403 1226 in
422 1161 601 1227 orationem
619 1183 679 1244 pro
697 1160 808 1226 Sextio
828 1164 861 1224 et
879 1161 1041 1244 proximis
1061 1162 1172 1228 diebus

156 1252 191 1316 in
210 1251 365 1336 epistolas
384 1250 424 1314 ad
441 1250 581 1315 Brutum
600 1253 633 1313 et
651 1249 692 1333 ad
709 1249 884 1326 Quinctum
901 1249 1047 1315 fratrem.
1079 1273 1172 1335 quem

156 1341 220 1406 tibi
242 1362 328 1405 nunc
351 1344 524 1424 utrumque
548 1337 653 1403 mitto.
695 1337 816 1402 maiora
839 1337 958 1402 uellem
981 1342 1014 1402 et
1037 1339 1172 1404 fortasse

156 1452 298 1514 possem3
335 1450 449 1493 uerum
481 1427 652 1492 infirmitas
685 1425 832 1510 corporis
863 1425 955 1510 facit,
992 1430 1031 1491 ut
1064 1427 1172 1493 labore

116 1541 143 1582 15
157 1517 317 1601 debiliter,
339 1515 505 1601 lippitudo
524 1520 642 1600 autem,
665 1537 705 1579 ne
724 1514 833 1600 legere
857 1513 979 1579 diutius
997 1514 1098 1581 liceat
1120 1519 1173 1581 aut

156 1606 305 1670 scribere.
355 1624 507 1689 magnam
537 1603 635 1667 etiam
664 1603 745 1666 mihi
773 1603 931 1686 temporis
958 1607 1091 1687 partem
1117 1604 1172 1670 eri-

155 1693 252 1776 piunt
280 1690 491 1757 salutationes
518 1689 709 1775 amicorum,
738 1713 890 1777 magnam
917 1691 1097 1758 domestica
1122 1715 1173 1758 na

145 1780 255 1865 gotia,
279 1782 430 1843 sexcenta
451 1783 627 1863 praeterea,
657 1801 738 1863 quac
761 1802 813 1846 me
835 1802 855 1844 a
878 1780 995 1846 studiis
1018 1781 1172 1849 auellunt.

144 1867 387 1933 senseramus:
414 1868 555 1932 humana
582 1872 658 1932 sunt
680 1889 740 1933 nec
763 1868 936 1952 praecipue
958 1874 1087 1957 nostra,
1115 1869 1170 1938 aad

115 1985 142 2025 20
156 1954 338 2021 communia
361 1977 435 2022 cum
457 1955 577 2021 multis.
615 1956 664 2023 Tu
686 1979 738 2020 mc
761 1956 861 2022 uelim
883 1979 971 2022 ames
995 1963 1038 2041 et,
1062 1959 1091 2024 si
1114 1981 1171 2044 par

156 2044 228 2128 pari
251 2046 370 2110 referre
393 2045 457 2131 uis,
487 2067 605 2131 amore
621 2067 687 2110 non
714 2045 852 2131 uulgari.
897 2045 994 2131 Vale,
1017 2046 1173 2115 Venetiis.

157 2132 348 2220 [MDLVHd

556 2305 770 2315 ——-

615 2519 716 2586 XXII.

347 2660 470 2727 Mario
488 2656 652 2729 'Nizolio
681 2663 853 2730 Parmam
880 2671 931 2743 (II,
946 2672 983 2742 3).

118 2831 144 2872 aa
247 2800 398 2887 Epistola
430 2806 500 2888 tua,
531 2803 575 2869 mi
608 2803 729 2889 Nacti,
765 2809 803 2870 ut
836 2805 931 2871 amici
963 2806 1107 2874 hominis
1139 2829 1173 2873 aa

157 2893 367 2958 uehementer
395 2891 536 2979 amandi,
567 2915 693 2958 summa
721 2915 773 2959 mc
803 2895 974 2979 uoluptate
1002 2896 1112 2962 affecit
1139 2916 1173 2961 ac

157 3003 263 3045 meam
292 2981 500 3046 uehementer
529 2981 672 3057 incendit
702 2981 914 3066 cupiditatem
940 2983 1094 3051 Parmam
1123 2985 1173 3050 ad·

158 3068 263 3132 eundi.
308 3090 375 3133 non
398 3070 484 3154 quod
510 3071 590 3137 urbs
617 3075 674 3135 aut
696 3069 788 3135 urbis
816 3076 1005 3138 ornamenta
1032 3096 1086 3139 me
1109 3095 1173 3139 mo-

249 3263 282 3314 10
300 3259 606 3340 portn‘perferendum’
631 3260 779 3344 inu-prima
797 3262 928 3347 edi-tione·
939 3264 1107 3348 legebatur:
1132 3279 1173 3322 aa·

158 3329 262 3412 quatur
276 3327 311 3383 de
326 3331 444 3411 crmtate
458 3331 508 3384 aut
523 3330 558 3387 de
573 3334 702 3399 comana
717 3334 779 3414 tum
792 3334 894 3404 rchqui
908 3334 983 3404 hbn,
997 3338 1032 3391 ut
1046 3337 1173 3418 extrema

157 3402 667 3544 pppppeemmplnpalfflcrpptppfflpppt
685 3419 761 3459 emm
780 3421 875 3461 omnes
895 3405 1005 3479 decem,
1029 3423 1084 3464 nec
1102 3408 1174 3464 mihi
