2452 3862
318 164 430 222 XXVII.
455 165 550 220 Marco
570 165 693 221 Antonio
711 166 825 224 Nattae.
1035 169 1075 232 61

507 397 637 462 XXVII.

177 537 223 606 Μ.
244 535 421 605 Antonio
445 538 588 607 Nattae
610 524 803 604 Mantuam
827 548 889 620 (ΙΙΙ,
905 549 959 617 31).

151 679 243 745 Adeo
281 703 322 745 ne
355 680 460 745 erraui
492 685 525 745 11
556 681 667 765 lapsus
700 703 771 746 sum
807 679 841 746 in
873 681 1080 747 subducenda

59 770 203 855 ratione,
236 773 273 833 ut
301 770 339 833 de
372 768 460 834 foliis
489 769 727 856 quinquaginta
759 769 962 857 coniecerim,
997 793 1079 855 quae

59 880 148 925 nunc
171 858 360 944 octuaginta
377 859 446 923 fore
470 858 588 924 uideo?
615 859 716 943 pudet
734 858 957 945 indiligentiae
980 881 1078 926 meae.
1106 890 1119 930 5

60 969 189 1033 uerum,
219 951 257 1011 ut
286 951 324 1011 ut
351 951 413 1033 est,
441 947 608 1012 commodo
632 969 704 1012 meo
731 969 799 1013 rem
827 948 989 1032 suscipere
1011 971 1078 1013 non

60 1058 204 1121 possum.
247 1056 306 1100 nec
331 1035 425 1100 audio
449 1057 604 1121 recusare,
626 1058 667 1101 ne
691 1058 762 1102 mea
784 1036 863 1102 fides
887 1037 922 1101 in
945 1037 1080 1102 dubium

60 1124 150 1209 apud
173 1128 206 1188 11
229 1123 347 1188 ueniat.
383 1124 493 1208 itaque
516 1129 593 1209 peto
617 1146 636 1188 a
659 1129 701 1210 te,
723 1130 761 1189 ut
784 1147 857 1190 cum
880 1129 936 1190 tua
954 1125 1079 1191 ratione

59 1235 168 1278 meam
191 1234 320 1297 quoque
344 1212 441 1277 ducas
463 1235 523 1278 nec
547 1214 658 1299 exigas
681 1235 700 1276 1
722 1235 773 1277 me
797 1214 884 1299 plus,
908 1236 1005 1297 quam
1027 1235 1079 1278 res

61 1306 94 1367 et
117 1302 267 1366 fortunae
286 1323 375 1365 meae
394 1301 570 1385 patiantur.
614 1301 700 1368 Nam
724 1302 810 1386 quod
833 1303 880 1366 111
903 1302 1078 1366 redituram
1093 1334 1119 1373 10

60 1390 103 1454 ad
130 1412 181 1454 me
209 1389 380 1473 pecuniam
408 1412 481 1454 cum
508 1391 618 1455 fenore
646 1389 731 1454 libro
755 1390 901 1473 uendite,
928 1390 1079 1454 uidelicet

61 1478 224 1544 communi
240 1478 386 1563 quadam,
410 1501 476 1543 non
495 1477 628 1562 propria
646 1499 697 1542 mc
713 1477 825 1563 regula
844 1477 976 1542 metiris.
1012 1500 1079 1543 non

60 1567 149 1633 enim
168 1587 239 1653 ego,
261 1571 299 1631 ut
317 1567 382 1650 1111,
406 1567 461 1651 qui
479 1566 582 1631 libros
601 1566 801 1653 imprimunt,
819 1566 948 1631 habebo
968 1567 1078 1632 statim

61 1656 168 1721 certos'
195 1656 357 1740 homines,
386 1655 442 1740 qui
470 1678 525 1720 eos
553 1653 727 1719 diuendant
758 1660 790 1720 et
819 1655 1014 1742 longinquas
1044 1655 1078 1720 in

60 1744 161 1810 urbes
183 1744 396 1830 regionesque
420 1743 638 1809 disseminent.
684 1744 868 1808 uenduntur
889 1744 943 1808 hic
966 1744 1118 1815 statim15

60 1856 80 1898 1
104 1832 185 1898 meis
204 1855 315 1898 omnes
338 1833 385 1896 111
408 1855 509 1917 paruo
533 1833 649 1918 pretio,
672 1837 709 1897 ut
731 1833 813 1898 lucri
833 1833 962 1918 quidem
985 1833 1077 1898 mini-

60 1942 168 2005 mum,
194 1918 407 1986 sed'minimo
431 1921 527 1986 simul
549 1922 661 1987 labore
684 1922 818 1987 minima
840 1923 988 1988 molestia
1011 1924 1077 1987 fiat.

59 2010 171 2075 Meum
189 2031 267 2096 ergo
285 2009 407 2074 librum
426 2010 547 2094 itidem,
569 2010 686 2095 inquis,
709 2011 836 2076 uendes.
874 2011 913 2075 de
932 2011 1079 2076 doctrina

59 2098 140 2164 libri
163 2097 225 2182 tui,
249 2097 287 2161 de
312 2098 472 2185 elegantia
495 2121 629 2183 possum
652 2121 712 2184 ego
736 2098 830 2162 facile
853 2099 1011 2163 iudicare:
1039 2100 1078 2163 de

59 2186 247 2252 uenditionc
281 2186 354 2270 quis
386 2189 555 2271 praestat?
591 2208 647 2250 an.
664 2187 768 2251 nescis
799 2185 903 2250 libros
933 2186 1076 2270 Latinos,
1090 2218 1117 2257 ao

62 2273 207 2358 optimos
224 2279 358 2359 ueteres,
380 2276 427 2340 ita
445 2297 530 2340 nunc
552 2274 669 2358 iacere,
691 2279 729 2338 ut
752 2295 853 2358 paene
877 2273 1020 2338 sordium
1042 2274 1077 2336 in

61 2383 181 2450 genere
203 2366 368 2448 putentur,
391 2364 447 2429 uix
471 2364 535 2428 iam
555 2362 741 2427 Ciceronem
759 2362 876 2446 ipsum,
900 2358 1076 2446 Caesarem,

46 2449 250 2519 Sallustium
272 2453 348 2539 legi,
371 2475 390 2516 a
412 2452 524 2518 multis
547 2452 645 2517 etiam
662 2474 704 2516 ne
726 2451 793 2537 legi
816 2449 946 2535 quidem
968 2450 1077 2535 plane-

60 2561 123 2625 que
152 2541 339 2607 contemni?
376 2563 474 2626 quare
500 2541 568 2606 noli
596 2541 706 2605 mirari
733 2562 785 2605 me
812 2543 880 2604 tam
910 2561 979 2604 esse
1007 2540 1076 2604 dili·

60 2633 193 2716 gentem
216 2629 250 2694 in
273 2629 314 2694 iis
336 2631 443 2714 rebus,
467 2653 546 2715 quas
569 2652 620 2695 me
645 2629 754 2695 docuit
777 2650 854 2694 usus
878 2650 980 2713 paene
1000 2651 1075 2713 quo·
1090 2658 1115 2699 25

58 2717 203 2783 tidianus
227 2722 260 2782 et
283 2718 316 2782 in
341 2719 460 2803 quibus
483 2718 648 2784 nonlicet
671 2739 740 2782 esse
763 2717 832 2782 sine
855 2739 973 2802 magna
996 2739 1076 2780 mer-

60 2804 138 2871 cede
164 2806 354 2893 negligenti.
399 2807 449 2871 De
472 2811 618 2891 tempore
647 2805 733 2891 quod
756 2827 861 2891 urges,
888 2803 1076 2868 facultatem

58 2893 268 2978 imprimendi
290 2917 357 2961 non
380 2896 559 2960 concedunt
581 2895 667 2959 libro
691 2915 757 2958 non
780 2894 935 2976 inspecto.
976 2895 1075 2974 atque

58 2983 186 3049 utinam
209 2983 354 3067 inspecto
374 2983 561 3049 concedant!
585 2981 672 3067 quod
686 2981 713 3045 si
732 2981 799 3045 dixi
823 3001 877 3044 eos
896 3001 947 3043 me
966 2979 1076 3044 faciles

57 3072 190 3158 habere,
212 3094 279 3136 non
302 3072 482 3158 significari
506 3093 601 3157 posse
624 3091 675 3134 me
698 3068 792 3133 libris
815 3090 881 3132 non
902 3068 996 3133 lectis
1019 3068 1075 3134 im·
1090 3098 1117 3138 eo

57 3164 190 3246 patrare
213 3160 264 3225 ius
282 3159 498 3247 imprimendi,
521 3159 577 3225 sed
596 3156 757 3243 consequi,
780 3157 890 3222 statim
913 3161 950 3222 ut
968 3157 1075 3245 legan-

58 3253 121 3315 tur.
168 3248 256 3335 quod
282 3249 329 3314 ita
356 3250 468 3316 multis
494 3271 560 3314 non
588 3247 735 3333 contigit.
780 3267 875 3331 saepe
899 3246 985 3312 enim
1008 3246 1075 3311 uidi

58 3458 378 3599 toginttte‘ootuagrintc’
402 3460 457 3515 hac
480 3459 571 3514 forma
595 3458 624 3515 P.
643 3457 681 3514 M.
702 3473 812 3527 semper
834 3457 924 3512 utitur
947 3472 998 3525 pro
1019 3453 1076 3506 ‘oc-
