2452 3862
389 213 458 269 LIV.
487 213 629 286 [Andreae
648 211 786 283 audiun]
1034 210 1095 272 lll

547 443 630 512 LIV.

80 582 82 586 ’
120 584 313 670 [Andreae
341 585 524 671 Duditio]
552 584 749 671 Episcopo
778 588 906 650 creato
933 593 1062 664 (VLaa).

172 728 246 793 Etsi
270 729 308 794 de
332 727 451 794 futuris
473 729 572 793 rebus
594 727 754 792 affirmare
773 726 945 814 grauitatis
968 730 1001 791 et
1023 748 1097 810 pru-

84 817 210 880 dentiae
242 840 309 882 non
341 818 482 902 uidetur,
519 815 735 882 coniecturam
767 816 853 880 enim
885 837 980 899 saepe
1012 815 1097 879 fallit

84 911 219 969 euentus
252 912 285 970 et
317 904 525 972 obscuritatis
561 905 658 988 plena
695 910 771 971 sunt
803 904 923 990 omnia,
960 904 988 968 si
1025 903 1125 988 quiss

83 999 191 1058 tamen
215 1015 268 1059 eas
291 994 497 1080 persequitur
519 992 685 1059 diuinandi
709 995 792 1080 uias,
820 1015 902 1078 quae
930 994 972 1057 ab
997 993 1097 1056 excel-

82 1082 226 1148 lentibus
263 1088 296 1148 et
328 1082 467 1171 ingeniis
500 1087 532 1147 et
564 1083 680 1148 studiis
717 1105 736 1147 a
768 1082 899 1168 cognita
931 1081 1097 1165 industria,

82 1193 101 1234 a
121 1175 267 1255 spectata
289 1171 411 1238 uirtute
431 1172 601 1257 ducuntur,
623 1172 709 1236 hunc
728 1194 788 1258 ego
808 1170 972 1255 opinionis
991 1191 1097 1234 errore

82 1281 258 1344 numquam
285 1261 368 1347 labi,
396 1261 483 1325 hunc
512 1260 673 1343 optimum
703 1281 772 1324 esse
799 1263 909 1323 uatem
939 1258 1097 1321 existimo.

85 1369 166 1429 quae
194 1370 245 1411 me
273 1349 356 1413 ratio
379 1348 483 1412 mouit
510 1351 585 1411 ante
613 1348 737 1432 aliquot
765 1369 879 1432 annos,
908 1349 945 1409 ut
975 1345 1014 1408 de
1042 1350 1099 1408 tua
1112 1363 1138 1403 rc

86 1434 243 1520 dignitate
267 1435 485 1519 praedicerem
508 1457 559 1521 ea,
586 1456 667 1519 quae
696 1435 816 1519 partim
840 1437 1011 1499 consecuta
1033 1432 1098 1497 iam

85 1528 174 1608 sunt,
197 1524 318 1607 partim
341 1524 388 1588 sic
410 1545 429 1587 a
451 1545 503 1587 me
527 1528 769 1610 exspectantur,
799 1523 891 1608 quasi
913 1522 1011 1608 longo
1033 1542 1099 1585 non

85 1612 203 1675 absint.
250 1612 328 1696 quid
350 1611 436 1676 enim
462 1613 605 1698 agebant
633 1617 666 1677 61
693 1635 757 1697 quo
785 1611 978 1696 spectabant
1005 1631 1099 1675 curae

84 1699 159 1764 illae
182 1705 257 1766 tuae
281 1701 322 1765 ab
346 1701 418 1785 ipsa
436 1721 538 1786 paene
557 1701 697 1784 pueritia
715 1700 907 1785 susceptae?
939 1720 1099 1784 quaeres,

85 1811 166 1872 quae
199 1812 274 1873 spes
306 1789 370 1854 tibi
402 1789 572 1874 proposita
603 1789 678 1875 fuit,
716 1812 789 1855 cum
820 1787 993 1875 Reginaldi
1025 1787 1098 1852 Poli
1113 1803 1138 1845 15

84 1877 262 1943 Cardinalis
292 1877 476 1943 innocentia
506 1882 539 1943 et
565 1877 684 1944 litteris
712 1878 823 1943 eximii
850 1876 1098 1943 contubernium

84 1988 120 2028 ac
143 1966 352 2031 domesticam
375 1966 639 2032 consuetudinem
663 1967 863 2051 expetebas?
904 1966 995 2052 quid,
1025 1986 1098 2029 oum

83 2053 232 2116 Lutetiae
262 2058 337 2137 post
364 2054 491 2118 obitum
518 2054 591 2118 Poli
617 2055 854 2138 Vicomercato,
883 2053 1012 2119 Patauii
1040 2052 1098 2117 Ge-

83 2162 175 2226 nuae,
194 2141 437 2224 praestantibus
453 2141 489 2204 in
502 2141 710 2225 philosophia
724 2142 812 2226 uiris,
831 2163 963 2224 operam
977 2141 1099 2205 dabas?

85 2228 259 2311 quidquam
289 2251 330 2292 ne
360 2229 536 2312 sequebare
563 2234 692 2313 praeter
719 2251 769 2314 66,
802 2250 883 2314 quae
914 2229 969 2313 qui
999 2228 1098 2310 adipi·
1113 2244 1139 2284 20

85 2322 226 2400 suuntur,
250 2316 337 2381 omni
360 2317 482 2382 honore
506 2316 596 2403 digni
620 2322 653 2382 et
675 2318 838 2382 habentur
861 2321 893 2380 et
912 2315 1009 2381 sunt?
1038 2338 1099 2380 nos

85 2405 214 2489 quidem
236 2409 279 2491 16,
302 2405 397 2470 amici
415 2405 474 2492 tui,
493 2405 622 2470 Patauii
645 2406 809 2490 praeclara
827 2404 933 2470 studia
951 2405 999 2469 ita
1017 2426 1098 2468 com-

83 2495 229 2579 plexum,
261 2497 298 2558 ut
331 2493 442 2559 diuelli
472 2494 528 2559 uix
558 2517 684 2582 posses,
716 2517 789 2560 oum
822 2499 854 2558 et
887 2493 1097 2559 creberrimae

83 2583 341 2667 propinquorum
354 2583 482 2648 litterae
496 2583 531 2647 in
545 2584 685 2668 patriam
704 2586 875 2649 euocarent
894 2587 927 2648 61
945 2604 1098 2667 praesens

83 2672 183 2734 frater
210 2693 275 2735 non
301 2672 396 2737 modo
426 2672 611 2737 hortaretur
638 2673 678 2736 ad
704 2672 857 2758 reditum,
887 2693 1000 2737 uerum
1027 2693 1097 2753 pre·
1112 2685 1137 2726 25

85 2759 177 2821 cibus
201 2759 298 2822 etiam
321 2763 447 2843 peteret
469 2764 566 2845 atquc
589 2761 782 2844 obsecraret,
805 2761 839 2826 ui
863 2759 1098 2844 propemodum

84 2846 293 2933 extrusimus,
319 2847 417 2912 inuiti
440 2849 584 2935 omnino,
611 2849 731 2934 quibus
753 2849 925 2914 carendum
947 2851 980 2911 te
1005 2850 1098 2929 66661,

84 2935 175 3000 cuius
209 2936 439 3001 consuetudine
469 2936 553 3002 nihil
585 2938 725 3002 suauius.
780 2937 837 3002 sed
867 2937 915 3001 ita
947 2934 1096 2999 duximus

84 3024 235 3108 expedire
258 3028 333 3088 tuae
350 3024 448 3112 laudi,
470 3046 542 3090 cum
561 3025 826 3111 intelligeremus,
849 3027 969 3110 quanto
987 3025 1097 3087 futura

83 3118 167 3177 esset
190 3113 349 3177 illustrior
370 3113 494 3200 ingenii
516 3114 565 3179 tui
587 3113 737 3199 facultas,
760 3114 801 3178 ab
826 3114 892 3178 otio
914 3113 1096 3178 litterarum
1110 3128 1137 3168 30

71 3202 124 3264 ad
147 3223 198 3266 res
222 3201 378 3287 gerendas
397 3201 553 3289 traducta,
576 3202 767 3286 praesertim
785 3202 821 3267 in
838 3203 902 3267 ista
920 3202 1096 3286 prouincia,

84 3289 118 3353 in
148 3310 211 3374 qua
241 3288 304 3353 tibi
336 3289 493 3356 maiorum
525 3295 659 3356 tuorum·
687 3291 792 3356 uirtus
821 3291 936 3357 tritum
965 3291 1027 3354 iter
1057 3289 1097 3351 ad

84 3377 220 3460 gloriam
244 3378 441 3466 reliquisset,
467 3379 532 3445 isto
555 3377 767 3466 11666161616,
789 3402 853 3466 quo
876 3402 970 3445 nemo
995 3380 1097 3442 bonas

171 3568 250 3623 2111)
269 3585 343 3626 anno
363 3575 433 3628 1671
454 3589 508 3644 pro
526 3571 650 3631 nomine
667 3573 831 3630 asteriscus
845 3567 971 3636 positus
986 3558 1048 3609 661,
