2452 3862
146 182 189 248 86
553 177 609 233 11.
638 170 756 232 1111.

146 345 298 409 absentes
321 341 441 407 litteris
462 346 495 406 et
513 341 650 425 nunciis,
673 340 729 404 1111
753 360 860 406 coram
882 337 979 404 uultu
1002 345 1038 404 et
1058 344 1174 411 uerbis

147 431 364 518 gratulentur,
390 452 457 495 non
485 430 684 511 dubitamus,
715 427 795 513 quin
822 449 882 492 nos
906 448 1053 515 quoque,
1083 431 1174 498 altri-

146 543 198 585 ces
228 523 316 603 tuas,
350 518 385 582 in
412 517 552 582 maximo
585 516 819 604 gratulantium
849 537 984 581 numero
1018 519 1063 583 ad
1095 525 1173 594 tuos

147 606 366 672 sanctissimos
396 608 495 691 pedes
526 605 668 670 officiose
699 604 859 689 proiectas
889 605 1034 690 excipias
1066 613 1101 674 et
1132 633 1171 677 11

119 695 333 782 abenignius,
364 696 449 780 quod
477 694 546 778 alii,
578 693 654 778 quia
681 693 860 777 peruenisti
887 693 928 757 ad
955 715 1031 760 eum
1060 699 1170 786 finem,

146 785 230 848 infra
254 806 351 868 quem
373 783 471 850 ceteri
494 784 575 847 fines
598 786 687 866 sunt,
715 782 934 868 gratulantur,
953 804 1022 849 nos
1047 791 1169 875 autem,

147 873 222 956 quia
252 872 387 958 scilicet,
419 877 456 938 ut
484 871 654 955 peruenire
682 892 808 954 posses,
839 871 930 955 ipsae
959 873 1168 956 perfecimus.

145 960 222 1027 Non
252 966 301 1025 111
324 961 365 1025 ad
387 960 526 1047 gloriam
553 960 619 1024 lata
648 959 804 1043 quaedam
832 965 865 1024 et
893 963 1075 1028 communis
1103 965 1168 1030 uia.

146 1054 343 1136 perangusta
366 1050 429 1114 11111
457 1048 572 1114 semita
599 1068 841 1132 paucorumque
868 1052 983 1114 notata
1006 1051 1164 1138 uestigiis,

106 1160 132 1198 11
147 1159 211 1222 qua
233 1138 340 1202 ierunt
364 1142 396 1202 et
418 1137 533 1201 heroes
556 1136 604 1200 illi
628 1140 763 1219 ueteres,
785 1135 821 1201 in
840 1135 1022 1203 Christiana
1042 1139 1165 1205 militia

146 1225 316 1292 fortissimi
339 1225 410 1291 uiri.
457 1229 490 1290 11
517 1225 656 1290 maxime
685 1223 815 1308 quidem
843 1225 1003 1311 omniurn,
1029 1231 1165 1311 patrum

145 1319 331 1381 nostrorum
349 1314 514 1400 memoria,
531 1313 610 1378 Pius
628 1312 683 1376 ille
697 1311 860 1398 Pontifex,
879 1313 970 1380 ouius
989 1319 1026 1381 tu
1044 1338 1165 1382 nomen

145 1404 180 1468 in
204 1406 314 1469 eadem
338 1405 412 1470 sede
435 1402 550 1468 merito
580 1400 756 1466 collocatus
784 1404 816 1466 et
844 1423 919 1469 cum
944 1404 1077 1470 nomine
1100 1407 1164 1471 uir-

147 1498 252 1557 tutem
283 1494 392 1559 refers.
447 1492 482 1556 in
513 1491 610 1556 istam
642 1489 721 1554 olim
752 1489 901 1556 semitam
933 1492 1094 1559 ferentem
1124 1496 1165 1560 ad

107 1603 132 1645 15
147 1586 313 1646 aeternum
343 1583 439 1646 decus
468 1601 528 1645 nos
559 1582 592 1643 te
620 1601 758 1662 puerum
785 1577 902 1663 adhuc,
935 1581 991 1645 sed
1022 1603 1164 1666 puerum

147 1669 312 1754 praeclara
342 1669 539 1753 cupientem,
571 1689 670 1731 manu
698 1667 895 1751 prehensum
925 1667 1090 1757 duximus,
1122 1695 1165 1737 11

147 1778 186 1821 ue
220 1757 292 1840 quis
328 1761 361 1822 te
399 1778 488 1821 error
524 1761 682 1838 auertere,
717 1777 758 1820 11
796 1778 859 1839 qua
895 1758 1015 1822 morari
1048 1767 1165 1844 posset

147 1844 297 1929 offensio,
325 1844 441 1928 cupide
468 1844 655 1927 procedenti
684 1843 775 1928 quasi
800 1845 912 1911 lumen
937 1849 1163 1930 praetulimus.

147 1931 328 1996 confectum
355 1932 420 1997 iam
447 1932 509 1997 iter
537 1937 599 2017 est,
629 1932 714 1997 ultra
742 1954 806 2017 quo
833 1935 1063 2021 progrediaris,
1091 1960 1163 2004 non

106 2045 132 2086 1ο
145 2019 255 2085 habes.
292 2020 432 2086 intorte
456 2026 488 2086 et
512 2021 661 2104 opificem
684 2026 858 2107 aeternum,
882 2023 973 2088 cuius
991 2025 1165 2093 ministrae

146 2131 206 2173 nos
242 2132 366 2195 sumus,
401 2111 491 2176 nulla
527 2110 591 2174 iarn
629 2109 819 2175 interiacent
855 2111 1004 2178 humana.
1051 2136 1162 2201 quare,

147 2199 300 2283 quoniam
324 2205 356 2266 te
380 2222 417 2266 eo
441 2199 665 2285 perduximus,
694 2219 757 2282 quo
782 2198 851 2263 sine
873 2199 969 2265 nobis
992 2205 1166 2286 peruenire

146 2289 316 2354 felicitatis
339 2312 405 2355 non
428 2294 490 2375 est,
518 2294 551 2353 11
575 2288 701 2372 quando
729 2286 768 2350 de
795 2286 893 2374 longa
916 2288 970 2353 uia
993 2289 1040 2354 ita
1064 2293 1167 2361 fessas

149 2401 222 2444 esse
242 2378 409 2464 intelligis,
433 2383 469 2442 ut
493 2377 668 2441 consistere
686 2375 743 2439 uix
760 2375 933 2461 possimus,
955 2379 1052 2444 redde
1075 2404 1168 2464 prae-

107 2466 252 2530 asinium
276 2465 582 2530 benemerentibus
609 2469 642 2526 et
669 2463 822 2546 permitte
844 2464 954 2550 nobis,
981 2471 1019 2532 ut
1046 2468 1081 2534 in
1107 2477 1169 2538 tua

148 2552 364 2617 beneficentia
386 2552 481 2615 nixae
504 2550 775 2634 conquiescamus.
820 2574 909 2638 nam,
939 2553 966 2618 si
989 2555 1053 2620 tibi
1077 2558 1169 2626 Deus

148 2639 223 2725 Opt.
253 2639 337 2704 Max.
370 2639 432 2703 hoc
464 2638 619 2725 elargitus
652 2643 714 2724 est,
751 2645 788 2705 ut
819 2640 854 2706 in
886 2642 973 2706 omni
1006 2649 1064 2710 tua
1096 2650 1169 2714 uita

147 2734 277 2814 praeter
299 2731 423 2792 rectum
451 2732 484 2792 11
511 2728 683 2792 honestum
710 2727 793 2792 nihil
821 2735 997 2816 spectares,
1029 2735 1103 2818 quis
1132 2743 1167 2802 te

147 2816 354 2883 laudabiliter
372 2820 467 2880 antea
485 2816 645 2903 cogitasse
669 2817 867 2904 probauerit,
889 2819 953 2884 nisi
971 2842 1067 2908 nuno,
1090 2847 1166 2891 cum

105 2911 196 2972 coest
220 2906 261 2970 ad
283 2904 485 2970 uoluntatem
508 2905 659 2970 adiuncta
686 2905 836 2991 facultas,
864 2906 898 2970 id
925 2907 1047 2994 ipsum,
1077 2915 1165 2996 quod

147 2993 313 3079 cogitasti,
336 3017 371 3059 re
394 2993 566 3078 perficias?
606 2993 634 3058 si
658 2999 690 3060 te
714 2994 851 3059 ambitio
875 2995 1062 3084 delectaret,
1091 3024 1165 3084 pro-

146 3104 339 3166 poneremus
371 3083 428 3147 illa
459 3083 580 3168 inania,
613 3082 732 3167 quibus
761 3082 798 3166 ii,
832 3084 888 3167 qui
921 3107 960 3148 ex
992 3086 1165 3156 hominum

147 3170 349 3237 sermonibus
377 3172 532 3257 pendent,
563 3171 697 3236 excitari
725 3171 842 3237 solent:
870 3173 953 3260 fore,
981 3174 1008 3238 si
1035 3198 1097 3243 nos
1120 3178 1164 3242 ia-

147 3263 255 3324 centes
279 3258 430 3346 erexeris,
460 3265 497 3325 ut
521 3261 633 3325 orbem
657 3265 816 3325 terrarum
839 3260 888 3325 tui
910 3261 1052 3328 nominis
1077 3266 1164 3330 fama

103 3363 136 3410 11
146 3353 355 3434 peruagetur‚
385 3353 422 3414 ut
452 3353 616 3414 oratorum
646 3353 679 3414 11
708 3351 878 3430 poetarum
908 3350 946 3414 de
975 3355 1009 3415 te
1036 3354 1164 3437 praedi·

115 3437 289 3502 ‘cantium
321 3437 457 3503 uocibus
490 3460 582 3503 aures
615 3442 689 3502 tuae
721 3441 911 3522 personent,
948 3439 1087 3524 denique
1124 3449 1166 3507 ut

143 3525 319 3614 imaginem
342 3532 471 3593 tuarum
494 3527 667 3612 uirtutum,
695 3525 834 3592 aeternis
862 3526 1090 3594 excellentium
1113 3532 1163 3594 ui-
