2452 3862
382 151 506 209 XXXIV.
526 151 670 223 Stephano
689 150 816 207 Scurio.
1072 151 1112 215 71

101 313 263 467 libellum,
292 336 425 401 grauem
455 313 637 396 sententiis,
666 312 757 377 illust
743 316 826 377 trem
853 311 976 397 uerbis,
1009 312 1114 376 adte

102 402 204 467 mittit
178 406 348 487 rtuoque
371 403 456 468 dicat
442 407 512 467 tum
534 401 658 467 nomini
682 401 832 466 omnibus
859 400 1013 486 gentibus
1035 334 1117 464 Acae

103 490 206 555 demia
228 496 340 557 nostra
362 490 585 556 communicat.
623 512 703 575 quae
727 511 800 554 cum
822 511 856 554 se
878 489 951 575 tibi,
974 510 1031 553 suo
1051 488 1116 572 pri-

102 602 190 644 mum
222 579 339 646 iudicio
373 584 546 665 commota,
575 578 641 644 tuis
670 577 784 643 deinde
813 578 909 643 merit
909 577 937 642 is
967 577 1116 678 impulsa,

102 668 233 751 penitus
256 668 424 755 addixerit,
448 630 580 732 eanddm
600 666 790 732 't’obseruan
766 670 845 731 t1am
872 667 907 731 in
936 665 1023 730 omni
1046 665 1115 732 uita
1143 689 1155 729 ι

102 761 211 856 praest
197 757 334 821 tabita
320 761 399 841 t,ut
418 778 487 821 eam
505 757 556 821 fut
542 760 633 821 turae
648 777 775 841 quoque
790 760 868 842 gent
870 777 904 819 es
922 754 1117 840 intelligant,

103 845 187 928 ipso,
214 844 254 907 ad
282 867 377 929 quem
414 844 521 909 omnia
548 844 729 930 referimus,
762 865 886 910 summo
917 842 987 908 Deo
1021 865 1118 926 opem

102 933 225 997 ferente
225 933 357 1020 ,aliquo
371 934 466 999 merit
469 956 487 997 ο
502 955 741 1017 consequemur
769 933 817 1000 Tu
831 932 970 1015 interim,
989 932 1116 1016 quando

102 1021 167 1085 iam
194 985 256 1086 hdo
278 1022 423 1088 rtibuisti
446 1022 628 1087 humanitat
580 1022 755 1108 ttituae,
782 1027 818 1086 ut
845 1044 906 1086 nos
929 1020 1117 1105 susciperes,

102 1111 210 1174 tribue
229 1110 314 1175 idern
333 1115 467 1176 constan
426 1112 541 1198 antiae,
559 1115 596 1178 ιιι
613 1075 782 1195 susceptbs
799 1110 920 1175 tuearis
938 1130 975 1173 ac
997 1110 1117 1194 foueas,
1132 1133 1159 1172 ιιι

102 1199 149 1262 ιιι
130 1200 336 1283 atamen,
311 1223 338 1265 sl
360 1222 430 1301 nos,
453 1204 510 1266 tuo
528 1199 687 1300 praesidio
710 1221 747 1264 ac
765 1203 796 1264 st
781 1199 873 1264 tudio
892 1198 1016 1285 dignos,
1035 1161 1118 1262 idest

102 1292 178 1351 nost
179 1310 214 1351 ra
232 1288 363 1373 ingenia
380 1289 416 1352 in
434 1288 567 1372 optimis
586 1287 711 1352 artibus
731 1291 914 1351 exercentes
928 1289 1118 1368 nostrasque

104 1374 289 1439 uoluntates
315 1376 357 1438 ad
384 1397 480 1440 unam
508 1375 663 1440 uirtutem
690 1374 866 1460 dirigentes
894 1378 927 1436 ιι
954 1372 1118 1436 audisset

104 1484 139 1526 ιι
161 1462 233 1546 ipsa
255 1484 438 1548 cognosces
482 1462 610 1528 Venet‘
574 1467 638 1526 tus.
660 1461 839 1527 MDLVIH

536 1885 682 1952 XXXIV.
1131 1907 1157 1947 15

287 2025 481 2110 Stephano
505 2025 636 2092 Saulio
660 2026 873 2102 (ιιιιιιιιιιιΙ
860 2037 937 2106 Ι,.ι)

194 2165 350 2252 Magnum
376 2165 457 2229 mihi
490 2166 641 2230 solatium
668 2171 716 2232 att
687 2167 779 2232 ttulit
806 2167 984 2250 epistolat
986 2190 1040 2253 ua,
1074 2169 1120 2232 iu-

107 2254 252 2319 cunditat
204 2258 305 2319 ttem
332 2252 436 2318 dicere
464 2275 531 2318 non
562 2275 703 2338 possum.
758 2275 855 2337 quam
884 2258 1032 2337 tempora
1062 2256 1120 2319 eri-

106 2344 202 2444 piunt
226 2343 280 2428 sic,
303 2346 339 2407 ut
357 2364 409 2406 me
427 2341 632 2407 tristitiaeto
633 2346 704 2407 tum
725 2345 863 2426 paenet
849 2342 1044 2407 tradiderim.
1071 2341 1119 2407 Ac

106 2432 247 2517 primum
275 2431 395 2496 obiisse
422 2430 517 2496 audio
545 2431 677 2496 fratrem
706 2452 814 2496 meum
836 2430 1014 2518 Bononiae,
1047 2454 1119 2496 cum
1134 2454 1161 2493 ro

106 2522 229 2586 ualeret
253 2519 383 2605 optime,
406 2524 522 2604 repent
508 2520 577 2584 tino
600 2521 715 2585 morbo
741 2541 942 2604 oppressum
988 2521 1051 2586 frat
1037 2524 1121 2585 trem

107 2631 179 2674 cum
203 2608 282 2693 dico,
305 2631 356 2672 me
380 2608 426 2672 ιιι
412 2613 517 2674 terum
541 2609 609 2674 iure
631 2613 765 2674 naturae
789 2609 869 2674 dico
906 2631 1019 2675 uerum
1038 2609 1120 2674 addo
1220 2691 1223 2696 ι

107 2697 199 2762 illud:
232 2697 364 2781 obierit,
397 2696 424 2761 si
454 2717 531 2761 uera
553 2702 683 2763 narrant
684 2720 736 2783 ur,
762 2697 826 2763 frat
812 2702 862 2763 ter
885 2698 926 2784 is,
950 2699 1006 2783 qui
1029 2698 1120 2762 boni

107 2790 155 2850 tat
123 2789 304 2870 aeptraes
290 2746 395 2868 tabait,
422 2783 585 2849 ualebat
539 2785 720 2886 tmgenio,
726 2748 927 2851 excellebat
954 2786 1121 2870 industria,

106 2875 171 2938 fact
157 2878 210 2938 tus
238 2874 279 2937 ad
301 2873 410 2938 omnia
440 2872 579 2938 maxime
612 2874 755 2938 omnium
785 2874 918 2938 uidebat
904 2878 965 2938 tur.
1010 2873 1120 2955 itaque
1135 2892 1162 2934 ιι

110 2964 230 3027 obruor
253 2961 363 3026 dolore
385 2982 455 3047 nec,
477 2965 568 3048 puto,
591 2983 761 3048 emergam,
782 2962 846 3026 nisi
865 2965 921 3025 aut
939 2960 987 3024 illi
1006 2960 1122 3025 melius

107 3072 176 3115 esse
200 3071 391 3137 cognouere,
414 3052 480 3137 aut,
502 3049 530 3114 si
552 3013 685 3114 riaturae
708 3053 758 3113 sat
744 3049 864 3114 tisfecit
850 3053 1023 3150 t,0pemt
1009 3049 1122 3114 tulerit

107 3139 179 3223 ipsa
198 3139 274 3224 dies,
299 3160 381 3221 quae
409 3102 496 3203 ualet
519 3137 559 3202 ad
582 3138 690 3203 omnia
711 3099 898 3239 plurimum,
921 3138 1019 3203 animi
1043 3160 1120 3202 uero

29 3284 33 3290 .
106 3227 230 3291 morbis
253 3227 327 3326 plus
351 3226 448 3291 etiam
471 3226 642 3311 interdum,
665 3248 760 3311 quam
778 3248 814 3290 ra
814 3226 870 3312 tio,
814 3227 993 3292 ιιιιιιιιι
979 3231 1041 3292 t.ur
1068 3224 1121 3290 Ad

106 3315 190 3379 hanc
222 3319 325 3400 aegnt
302 3314 456 3380 tudinem
489 3314 643 3380 accedunt
677 3315 851 3381 domestica
882 3338 1015 3401 meaque
1048 3334 1120 3397 pro·
1134 3327 1161 3368 3⁰

200 3512 235 3562 20
255 3506 393 3562 ‘fratrem’
415 3504 578 3561 Antonium.
