2452 3862
416 168 460 222 .Π.
487 165 599 222 Aniano
616 167 767 237 Burgonio.
1085 170 1106 235 3

91 329 284 394 diuturniori
308 329 438 394 silentio
465 334 573 394 tecum
600 333 721 411 uterer,
748 329 940 413 praesertim
968 334 1043 394 ate
1066 331 1107 397 ad

91 418 296 483 scribendum
313 417 544 483 humanissime
567 417 734 502 inuitatus,
757 418 871 501 putaui
890 418 970 482 mihi
989 419 1107 484 facien-

91 507 179 592 dum,
206 507 265 571 has
292 512 329 572 ut
357 506 398 570 ad
424 510 457 571 te
480 506 607 571 litteras
635 507 883 590 quoquomodo
907 507 1105 573 conficerem.

90 594 128 660 In
151 596 270 680 quibus
293 595 375 660 illud
398 595 460 659 erit
482 595 637 680 primum,
665 594 751 679 quod
778 598 846 660 erat
874 617 978 680 prope
1002 601 1105 661 extre-

88 707 178 749 mum
200 685 236 750 in
258 684 338 769 tuis,
366 684 428 748 hoc
456 687 505 748 est
527 684 565 748 de
594 684 774 749 studiorum
801 705 947 749 meorum
970 685 1104 750 ratione.
1133 711 1146 753 5

90 795 172 856 quae
204 772 335 855 quidem
365 772 521 838 eiusmodi
551 777 614 857 est,
646 777 683 837 ut
714 794 785 836 eam
814 773 979 837 facilius
970 778 1105 857 ipsetu

90 865 199 926 tecum
231 861 373 947 cogitare
403 861 524 945 possis,
556 883 653 946 quam
684 882 745 947 ego
775 861 984 945 perscribere
1029 885 1105 927 nam

89 971 163 1015 cum
189 949 322 1015 huiusce
350 949 551 1035 prouinciae,
579 950 619 1015 ad
647 972 745 1034 quam
773 971 833 1036 ego
862 951 996 1015 summis
1024 951 1105 1015 uiris

87 1038 297 1103 hortantibus
325 1061 377 1103 me
407 1039 544 1125 contuli,
575 1042 726 1104 naturam
758 1042 790 1103 et
819 1043 871 1104 rat
872 1039 980 1104 ionem
1009 1039 1104 1104 facile

88 1127 198 1192 uideas
220 1127 370 1212 idemque
393 1132 452 1212 opt
453 1127 517 1192 ime
540 1127 575 1193 in
575 1126 720 1214 telligas‚
749 1148 846 1212 quam
867 1150 1020 1214 magnam
1042 1129 1144 1196 110010

87 1220 234 1299 tempore
258 1221 394 1300 propter
416 1217 604 1281 memoriam
632 1215 802 1281 clarissimi
828 1216 932 1300 patris
956 1220 1104 1300 expecta·

87 1304 210 1369 tionem
233 1305 423 1370 sustineam:
447 1305 577 1370 omnino
601 1308 696 1389 potes
718 1304 782 1368 tibi
805 1304 998 1387 persuadere
1021 1305 1104 1369 hane

88 1392 194 1474 ipsam
217 1414 326 1457 euram
348 1415 446 1456 unam
470 1415 553 1476 esse,
580 1393 614 1456 in
642 1414 706 1474 qua
733 1395 821 1455 totos
845 1392 913 1457 dies
937 1396 969 1455 et
992 1395 1105 1456 noctes

90 1479 267 1565 inuigilem.
307 1479 416 1562 Atque
440 1501 501 1564 ego
528 1484 651 1565 tamen,
678 1501 720 1543 ne
743 1501 871 1563 semper
892 1478 979 1542 idem
1001 1501 1104 1565 agam,

89 1567 212 1651 aliquid
240 1567 383 1651 quotidie
411 1567 591 1632 subseeiuis
617 1567 706 1632 horis
734 1567 788 1631 uel
815 1566 921 1632 scribo
945 1566 999 1631 uel
1020 1567 1103 1654 lego.
1119 1593 1144 1635 15

86 1655 205 1720 nudius
223 1655 340 1720 tertius
357 1655 526 1740 Euripidis
538 1655 686 1720 Medeam
704 1655 739 1720 in
757 1677 871 1720 manus
889 1678 1103 1740 sumpseram:

87 1766 159 1808 ecce
182 1744 245 1808 tibi
270 1743 381 1809 statim
405 1743 516 1808 Cicero
540 1748 573 1808 et
596 1743 731 1808 Ouidius
754 1743 1024 1829 interpellatores,
1046 1745 1103 1809 ho·

85 1832 171 1897 nesti
189 1832 239 1895 illi
254 1832 392 1917 quidem,
411 1832 468 1897 sed
486 1832 747 1916 interpellatores
766 1837 875 1897 tamen
893 1838 926 1897 et
945 1855 964 1896 a
983 1833 1103 1917 quibus

85 1920 308 2004 imprimendis
332 1943 427 2007 aegre
446 1920 527 1985 mihi
547 1921 723 2005 quidquam
741 1921 834 1986 vacui
853 1922 1010 2004 temporis
1030 1944 1102 1985 con-

86 2010 224 2074 cedatur.
262 2007 384 2094 Ouidii,
412 2032 486 2073 eum
507 2009 587 2073 11000
610 2010 797 2092 scriberem,
820 2009 976 2074 Triatium
999 2009 1102 2074 libros
1116 2035 1142 2072 1ο

86 2097 335 2181 excudebamus3
359 2096 523 2162 Ciceronis
541 2102 650 2162 autem
669 2097 890 2180 epistolarum,
912 2119 993 2180 quas
1011 2097 1102 2162 fami-

84 2185 181 2250 liares
199 2183 377 2269 appellant,
395 2185 537 2268 quinque
555 2185 638 2248 111111
651 2185 716 2248 10111
735 2189 827 2248 010111
846 2185 993 2249 confecti.
1020 2207 1101 2268 quae

84 2274 143 2337 ubi
166 2273 309 2357 primum
332 2275 427 2336 erunt
450 2270 628 2354 absolutae,
651 2271 735 2335 dabo
758 2292 810 2334 me
833 2272 1101 2356 recognoscendis

84 2362 133 2446 iis,
157 2383 239 2445 quae
261 2364 338 2424 sunt
356 2360 396 2424 ad
414 2358 561 2424 Atticum
581 2358 765 2444 inscriptae.
802 2357 891 2423 locos
914 2359 1099 2424 emendatos

83 2450 189 2514 habeo
226 2470 325 2533 supra
361 2448 413 2513 bis
448 2448 538 2513 mille
574 2451 607 2513 et
644 2446 841 2532 exemplaria
876 2446 1098 2512 uetustissima
1113 2475 1139 2516 25

85 2543 240 2623 quattuor
258 2541 404 2621 expecto.
433 2536 564 2603 interim
578 2537 613 2601 in
628 2535 791 2602 Catullum
806 2558 934 2620 quaem,
953 2536 988 2600 in
1003 2559 1102 2620 quem

85 2627 165 2691 item
196 2627 301 2691 habeo
333 2647 400 2691 non
432 2648 547 2709 parum
579 2624 690 2690 multa.
743 2625 781 2690 de
811 2625 990 2689 Themistio
1022 2648 1100 2690 uero

86 2714 173 2798 quod
196 2714 276 2780 scire
299 2713 363 2799 uis,
386 2736 481 2797 spero
504 2714 587 2799 fore,
610 2717 647 2778 ut
671 2736 745 2778 eum
768 2712 847 2801 (nisi
869 2714 958 2777 Deus
982 2712 1101 2797 aliquis

85 2800 266 2888 obstiterit)
294 2807 431 2867 exeunte
458 2824 567 2867 mense
595 2803 705 2886 praelo
735 2801 854 2866 demus.
899 2800 1002 2865 habes
1027 2801 1101 2885 iem,

84 2891 159 2975 plus
183 2891 281 2955 etiam
303 2892 449 2975 fortasse,
472 2912 568 2975 quam
587 2890 779 2975 postularaS,
801 2912 868 2954 non
890 2888 985 2953 modo
1010 2911 1099 2971 prae·
1114 2915 1141 2955 ao

86 2980 187 3045 sentis
209 3001 299 3044 meae
322 2979 409 3044 uitae
431 2979 601 3063 rationem,
627 2978 682 3042 sed
706 2978 804 3042 etiam
826 2978 955 3041 futurae
979 2975 1100 3042 diuina-

84 3068 214 3133 tionem.
256 3067 331 3132 Tibi
354 3067 544 3132 felicitatem
566 3067 678 3151 istam,
707 3066 751 3129 mi
774 3064 913 3150 Aniene,
944 3064 1100 3150 gratulor,

86 3157 141 3240 qui
164 3157 290 3221 assidue
313 3178 387 3221 cum
409 3154 616 3240 philosophis
643 3159 677 3219 et
704 3153 888 3218 oratoribus
916 3153 951 3217 in
974 3176 1099 3218 summo

85 3245 152 3310 otio
172 3245 272 3310 uiuae.
306 3266 403 3329 quam
422 3246 555 3309 consuet
540 3242 686 3308 tudinem
705 3264 746 3307 ne
766 3242 935 3326 desineres,
953 3241 1101 3306 hortarer

85 3356 145 3420 ego
169 3337 202 3397 te
230 3355 290 3417 pro
317 3337 429 3398 nostra
452 3331 677 3397 coniunctione
704 3353 828 3415 proque
857 3353 894 3394 ea
909 3329 1099 3428 uoluntate,
1113 3348 1139 3390 11

84 3443 181 3505 quam
206 3444 266 3508 ego
290 3421 355 3486 iam
383 3413 1100 3520 ρ111011101ςο10001111111,0101011001-

86 3510 194 3575 derem
217 3514 274 3574 tua
297 3513 414 3594 sponte
438 3508 517 3573 satis
543 3508 714 3573 incitatum
742 3509 775 3571 et
797 3470 849 3571 nie
872 3520 1099 3587 cognoscerem

852 3611 866 3658 1
872 3605 901 3637 *ι
