2452 3862
365 190 500 247 LXXXV.
522 191 562 246 Io.
581 191 660 246 San'o
680 190 836 248 Zamoeoio.
1041 193 1105 257 167

84 352 130 416 ad
149 355 183 416 te
202 350 307 438 mitto,
324 351 418 417 ualde
436 353 587 436 probant.
625 350 835 437 Oardinalem,
853 351 987 418 fratrem
1000 355 1104 438 tuum,

83 440 212 505 ueteris
236 441 420 525 exemplum
447 441 663 527 innocentiae,
691 443 838 506 columen
866 447 994 507 sanctae
1018 442 1103 507 sedis

83 527 311 630 Apostolioae,
341 529 475 594 salutari
504 552 523 593 a
550 534 583 595 te
610 529 691 594 meis
719 531 842 617 uerbiS,
870 531 974 617 magis
1005 552 1104 615 opere

85 639 198 703 cup1o.

179 704 290 771 Valde.
317 705 439 772 Romam
462 705 531 771 XII.
554 706 628 778 Kal.
649 706 744 772 Mart.
766 705 979 772 MDLXXIH.
1134 730 1148 768 5

491 993 705 1001 —-—--

518 1236 676 1302 LXXXV.

309 1392 360 1485 Io.
384 1393 494 1460 Sario
517 1395 713 1460 Zamoscio
737 1403 813 1474 (XII,
831 1402 883 1470 11).

177 1551 357 1618 Multorum
388 1553 548 1619 mensium
578 1555 713 1618 aduersa
747 1552 935 1617 ualetudine
966 1556 1104 1617 uexatus

88 1639 179 1704 omni
202 1662 337 1725 prorsus
359 1643 508 1707 carebam
536 1642 666 1728 legendi
690 1641 917 1725 scribendique
940 1641 1104 1704 facultate.

87 1727 176 1812 quod
199 1749 237 1793 eo
260 1729 341 1794 mihi
359 1729 394 1794 in
412 1730 527 1815 primis
544 1729 674 1795 nomine
694 1730 927 1814 permolestum
946 1733 1004 1813 est,
1028 1729 1104 1812 quia
1119 1754 1145 1792 ιο

86 1815 201 1881 multis
224 1817 265 1882 ad
286 1840 338 1882 me
361 1819 580 1884 scribentibus
598 1819 793 1902 respondere
818 1818 886 1882 sine
910 1817 1106 1882 ualetudinis

87 1903 293 1970 incommodo
321 1906 379 1971 uix
408 1930 550 1991 possum.
602 1929 678 1971 nam
714 1907 776 1971 etsi
806 1906 941 1991 depulsa
976 1911 1026 1970 est
1056 1906 1107 1971 uis

87 1992 206 2079 morbi,
228 1993 384 2077 pristinas
405 1999 514 2060 tamen
537 1995 623 2060 uires
646 1995 792 2068 desidero
820 2000 853 2059 et
875 1994 993 2079 capitis
1020 1994 1108 2060 infir-

87 2080 193 2145 mites¹
208 2103 276 2146 non
298 2083 393 2149 modo
416 2083 608 2167 litterarum,
631 2083 687 2148 sed
705 2105 809 2166 prope
832 2083 989 2147 sermonis
1012 2104 1107 2147 usum

86 2168 204 2233 adimit
226 2170 415 2254 quotidiani.
460 2171 563 2236 Dabis
585 2171 700 2257 igitur,
723 2171 768 2234 mi
791 2170 952 2255 Zamosci,
976 2170 1106 2234 ueniam
1120 2191 1147 2231 rs

86 2256 214 2322 homini
236 2257 286 2322 tui
309 2259 538 2345 amantissimo,
562 2259 618 2344 qui
641 2264 674 2323 te
697 2280 758 2342 pro
781 2257 905 2344 ingenii
929 2257 1107 2321 doctrinae-

89 2367 155 2429 que
193 2347 393 2430 praestantia
429 2348 563 2412 summis
595 2368 708 2411 ornare
741 2346 893 2410 laudibus
928 2367 1108 2428 numquam

85 2432 217 2519 desinit,
235 2433 263 2499 si
278 2434 319 2497 ad
336 2439 426 2500 tuam
444 2435 717 2521 elegantissimam
735 2434 908 2519 epistolam
925 2434 988 2498 hoc
1005 2455 1108 2499 unum

85 2520 243 2608 rescribo,
260 2523 436 2589 rescribere
454 2545 506 2588 me
524 2523 587 2588 tibi
606 2523 758 2607 pluribus
771 2523 881 2588 uerbis
900 2523 962 2587 hoc
976 2522 1107 2608 quidem

85 2613 237 2694 tempore
266 2632 334 2676 non
354 2611 458 2676 licere.
503 2634 592 2695 nam,
615 2631 689 2676 cum
711 2611 838 2697 licebit,
862 2613 1019 2696 persuade
1043 2611 1107 2698 tibi
1121 2632 1149 2672 ro

84 2720 153 2774 non
186 2719 257 2763 esse
288 2720 340 2764 me
370 2699 629 2787 commissurum,
660 2704 698 2765 ut
735 2700 882 2765 debitum
911 2699 1108 2764 humanitati

84 2785 316 2871 amicitiaeque
337 2791 467 2852 nostrae
491 2788 634 2853 officium
655 2810 722 2853 non
745 2789 938 2871 persoluam.
976 2786 1108 2850 interim

83 2874 167 2939 haec
190 2895 309 2960 pauca,
332 2879 370 2940 ut
391 2875 513 2940 recenti
536 2876 665 2958 morbo,
688 2875 919 2940 uaciflantibus
942 2874 1108 2938 litterulis.

82 2961 178 3028 Vale.
206 2962 340 3050 Romae,
361 2986 436 3030 non.
459 2964 534 3029 Dec.
557 2961 766 3029 MDLXXIII.

494 3283 707 3290 ——c———n
