2452 3862
410 187 469 244 LX.
495 186 598 242 Iacobo
618 185 742 242 Gorsoio.
1017 186 1079 250 127

66 354 104 412 ut
119 350 159 412 ab
175 349 374 432 optimorum
389 348 596 414 consiliorum
610 369 705 413 cursu
718 346 958 431 rectissimeque
972 352 1081 412 mente

68 437 233 523 deducant,
256 460 432 522 numquam
455 441 675 521 assequentur.
720 436 765 500 Te
788 436 917 520 quidem
940 436 1013 522 ista,
1035 436 1080 500 mi

68 524 192 612 Gorsoi,
221 548 303 611 quae
330 530 387 591 aut
415 548 434 589 a
460 525 635 590 leuissimis
662 524 849 589 hominibus
877 529 996 589 temere
1024 530 1080 589 ant

65 615 107 677 ab
131 613 383 699 improbissimis
407 613 519 679 callide
543 613 806 699 disseminantur,
830 613 857 677 si
879 617 992 698 putem
1015 635 1079 678 cre·

66 702 153 789 dere,
190 704 338 789 ignorare
374 704 486 768 uidear
522 707 555 768 et
588 702 793 787 prudentiam
829 706 862 767 et
899 701 1078 766 bonitatem
1105 723 1118 762 5

64 794 163 855 tuam.
194 791 242 858 Ut
259 790 400 878 ingenue
418 796 528 857 tamen
545 796 652 856 tecum
670 813 774 878 agam,
796 790 947 874 postilla
965 792 1079 855 uerba:

65 879 255 944 ‘Exclusum
281 903 350 945 esse
372 880 477 945 Roma
499 880 637 945 Paulum
659 879 867 963 Manutium’,
898 879 1010 963 optaui
1039 879 1078 943 si-

63 990 166 1054 gnum
189 969 322 1053 aliquod
345 969 398 1034 uel
421 968 531 1034 iudicii
554 969 608 1034 ual
626 967 741 1035 saltem
759 968 879 1033 amoris
897 967 954 1032 tui.
994 965 1078 1031 Iudi-

63 1057 118 1141 cii,
147 1061 186 1121 ut
213 1057 275 1122 hoc
302 1058 448 1123 adderes:
480 1057 585 1135 ‘Quod
612 1056 682 1122 ueri
710 1057 815 1121 simile
837 1079 904 1122 non
925 1055 1077 1141 uidetur',

60 1146 250 1231 autetiam,
274 1145 379 1223 ‘Quod
397 1147 435 1211 de
459 1145 517 1210 tali
540 1146 612 1211 uiro
634 1146 692 1210 uix
712 1144 925 1230 crediderim’3
948 1145 1076 1230 amoris,
1091 1164 1117 1205 1o

59 1234 122 1298 hoc
153 1239 210 1298 aut
239 1235 356 1300 simile:
387 1235 495 1312 ‘Quod
523 1234 618 1317 cupio
645 1256 715 1299 esse
741 1234 889 1316 falsum’,
922 1233 1026 1310 ‘Quod
1049 1235 1076 1297 si

60 1343 176 1386 uerum
194 1327 253 1405 est,
272 1323 387 1388 doleo'.
422 1323 512 1387 Haec
529 1328 568 1387 tu
586 1323 614 1386 si
633 1322 679 1387 sic
697 1321 891 1406 scripsisses,
910 1343 983 1385 cum
1001 1321 1077 1384 ami-

60 1409 156 1474 citiae
179 1415 310 1475 nostrae
332 1416 404 1476 tum
427 1410 626 1476 constantiae
655 1431 784 1494 quoque
806 1415 882 1475 tuae
905 1409 1075 1474 satisfecis-

60 1520 122 1581 ses,
145 1498 201 1562 illa
225 1499 355 1583 quidem
378 1498 451 1583 ipsa
473 1499 583 1583 uerba,
607 1520 688 1583 quae
711 1499 891 1563 subaoerba
910 1497 1075 1563 nonnullis

57 1587 164 1651 uideri
187 1588 325 1652 fortasse
348 1587 490 1672 possint,
513 1587 718 1653 condimento
741 1587 834 1672 quasi
856 1587 966 1671 aliquo
989 1586 1113 1650 miti-15

57 1697 177 1763 gasses.
214 1675 361 1762 Utraque
385 1680 434 1742 est
457 1699 476 1741 a
494 1681 527 1741 ts
550 1676 670 1742 omissa
687 1675 892 1763 significatiO,
915 1679 948 1740 et
966 1697 1075 1759 quam-

58 1785 156 1849 quam
179 1769 317 1850 utraque
340 1764 422 1830 mihi
445 1786 546 1850 aeque
574 1770 669 1853 grata
691 1765 801 1831 futura
824 1769 922 1849 esset,
951 1764 1073 1849 quippe

57 1855 114 1938 qui
144 1855 282 1920 abonis
312 1854 511 1939 eruditisque
541 1855 634 1940 uiris,
663 1854 747 1920 idest
777 1877 795 1920 a
822 1854 871 1919 tui
901 1853 1073 1938 similibus,

55 1964 123 2006 non
145 1943 252 2007 minus
275 1944 409 2028 probari
432 1966 530 2028 quam
552 1943 646 2031 diligi
673 1941 805 2028 uellam,
831 1948 941 2008 tamen
962 1943 1071 2008 nescio

57 2030 219 2113 quomodo
242 2031 294 2113 fit,
323 2037 360 2095 ut
382 2032 485 2096 amori
506 2036 540 2097 te
562 2032 647 2096 nihil
669 2032 794 2097 dedisse
817 2033 982 2116 aliquanto
1006 2053 1071 2096 mo·
1085 2050 1112 2091 ao

56 2117 172 2182 lestius
202 2117 312 2182 feram.
363 2117 433 2195 Qua
463 2119 501 2183 de
531 2141 566 2184 re
598 2119 714 2203 scripsi
746 2120 788 2182 ad
816 2124 849 2184 te
878 2120 981 2184 libere
1011 2141 1071 2202 pro

57 2227 130 2270 mea
154 2205 394 2271 consuetudine.
439 2205 555 2291 Neque
572 2211 683 2271 tamen
701 2207 826 2291 dubito,
850 2207 928 2290 quin
950 2210 987 2271 tu
1009 2206 1072 2270 hoo

56 2295 180 2377 ipsum,
209 2294 296 2378 quod
318 2293 447 2379 scripsi,
474 2316 535 2379 pro
559 2298 616 2358 tua
637 2295 839 2360 humanitate
862 2294 957 2379 aequi
981 2295 1071 2359 boni-

56 2405 119 2466 que
143 2382 250 2448 facias
296 2382 382 2449 Nam
410 2383 448 2447 de
471 2387 561 2449 statu
588 2405 696 2448 rerum
722 2405 866 2448 mearum
893 2381 974 2448 mihi
997 2382 1070 2469 ipsi,

54 2472 178 2536 auctori
207 2472 286 2537 satis
314 2473 414 2557 bon0,
446 2472 546 2537 uelim
573 2472 696 2558 credas,
726 2494 792 2537 non
824 2473 920 2537 modo
947 2473 1069 2537 Romae
1083 2493 1109 2534 as

54 2583 123 2625 esse
157 2582 221 2644 me,
258 2583 372 2627 uerum
409 2561 507 2626 otiam
538 2561 680 2627 libenter
711 2583 794 2648 essa,
831 2561 1068 2627 existimatione

54 2650 195 2735 integra,
232 2672 266 2714 re
297 2649 449 2715 familiari
486 2654 581 2716 aucta
616 2651 728 2735 potius
761 2672 857 2735 quam
888 2651 1067 2716 imminuta.

53 2737 144 2800 Vale.
189 2737 326 2822 Romae,
347 2738 403 2803 VI.
425 2739 496 2803 Kal.
520 2738 590 2805 Oct.
613 2738 791 2806 MDLXIX.

452 3042 665 3051 ———
