2452 3862
172 133 237 200 100
513 136 608 192 mn
627 135 673 190 Ad
690 135 774 191 Pium
791 136 840 194 IV.

169 303 206 362 ut
216 298 257 362 ad
268 301 416 382 posteros
431 318 559 381 quoque
569 297 748 383 perueniat,
759 298 814 363 bic
826 298 892 364 sibi
906 305 1032 366 certam
1047 306 1202 373 omnium

170 409 279 451 rerum
314 407 351 449 ue
382 385 588 450 fortunarum
620 408 752 450 suarum
782 387 889 453 sedem
922 387 1202 479 domiciliumque

172 474 385 540 constituunt.
435 496 487 538 me
521 473 651 558 quidem
682 473 842 560 Venetiis,
872 475 1055 543 domestico
1095 484 1203 565 patris

172 562 235 626 mei
258 561 476 626 restituendae
500 562 705 646 antiquitatis
727 562 878 627 instituto
896 568 931 628 et
947 564 1095 632 honeste
1121 572 1202 636 satis

144 655 205 717 eet
229 650 396 715 commode
425 651 590 715 uiuentem
616 650 765 734 nihilque
787 651 908 737 miuus,
934 675 1036 736 quum
1070 658 1114 721 de
1145 659 1203 723 mi-

171 738 319 824 gratione
347 738 558 825 cogitantem,
591 739 714 822 quippe
741 760 816 803 cum
844 739 886 803 ab
918 743 1065 828 egregiis
1101 768 1201 831 saepe

172 826 363 892 ciuitatibus
376 832 474 911 atque
488 827 568 891 adeo
587 849 606 890 a
624 826 848 910 superioribus
855 826 1078 897 Pontificibus
1097 834 1201 898 semel

172 919 206 978 et
233 915 352 980 iterum
384 915 509 998 optime
541 915 700 979 inuitatus
733 915 935 1002 condicione,
965 919 1052 983 nibil
1085 926 1198 985 tamen

172 1025 327 1087 umquam
353 1003 430 1068 noui
454 1003 581 1067 consilii
605 1002 773 1088 cepissem,
795 1003 846 1067 tui
867 1002 1082 1070 Pontificatus
1104 1009 1195 1071 fama

134 1118 160 1157 10
173 1091 311 1155 Romam
338 1091 433 1155 facile
461 1091 622 1174 perduxit.
672 1113 748 1155 nam
775 1112 850 1155 cum
877 1093 919 1157 ab
949 1115 1072 1157 summo
1106 1092 1188 1176 uiro,

173 1179 374 1264 Hieronymo
398 1178 599 1263 Seripando,
617 1179 670 1244 cui
692 1183 749 1243 tua
772 1179 930 1262 sapientia
951 1179 1096 1243 debitum
1119 1179 1193 1244 iam

174 1268 301 1354 pridem
324 1268 393 1332 eius
416 1267 599 1354 integritati
622 1272 719 1351 atque
739 1267 904 1332 doctrinae
920 1267 955 1332 iu
969 1265 1197 1332 Gardinalium

173 1357 312 1443 collegio
341 1357 449 1421 locum
476 1356 606 1441 tribuit,
628 1355 755 1418 litteras
777 1357 986 1439 accepissem,
1012 1354 1196 1439 inquibus

174 1451 243 1510 erat
274 1446 432 1529 scriptum
459 1467 577 1528 cupere
599 1448 633 1508 te
660 1464 767 1507 sacros
796 1466 908 1508 omnes
935 1443 1037 1507 libros
1061 1443 1116 1507 uel
1138 1444 1197 1507 ho

135 1560 161 1599 11
176 1535 300 1598 minum
323 1533 445 1598 incuria
469 1533 522 1596 uel
544 1531 756 1616 improbitate
779 1535 951 1615 corruptos
973 1553 1072 1615 quam
1091 1553 1199 1596 emen·

176 1623 359 1686 (latissimos
382 1621 570 1706 peruulgari
597 1620 745 1703 uelleque
772 1619 807 1683 in
830 1641 867 1683 eo
896 1641 996 1703 opera
1018 1620 1070 1683 uti
1094 1624 1128 1684 et
1152 1620 1198 1683 in-

176 1710 299 1774 dustria
336 1731 422 1791 mea,
458 1708 557 1791 spatii
593 1709 634 1771 ad
671 1706 914 1771 deliberandum
944 1707 1029 1772 nihil
1062 1708 1198 1792 sumpsi,

176 1798 287 1861 statim
309 1795 469 1879 rescripsi,
493 1817 566 1859 cum
589 1800 646 1858 tua
668 1794 819 1860 uoluntas
842 1794 1001 1859 maximae
1024 1795 1111 1882 legis
1129 1796 1198 1860 uim

176 1906 236 1966 pro
270 1903 395 1948 summa
427 1886 484 1950 tua
517 1904 583 1947 non
612 1884 707 1948 modo
738 1887 914 1968 potestate,
950 1895 1068 1948 uerum
1099 1884 1199 1948 etiam

136 1997 164 2036 ro
177 1970 338 2053 sapientia
362 1969 509 2058 obtinere
534 1970 621 2054 apud
645 1992 756 2035 omnes
779 1971 908 2055 debeat,
930 1971 978 2035 ita
1000 1994 1053 2035 me
1078 1972 1199 2036 anima-

177 2063 257 2141 tum,
280 2058 326 2121 ita
344 2061 494 2141 paratum
512 2081 589 2143 esse,
612 2059 675 2123 tibi
698 2059 788 2124 utin
807 2058 959 2124 omnibus
976 2060 1077 2125 rebus
1095 2060 1200 2125 libeu-

178 2151 228 2212 ter
247 2148 449 2233 obsequerer,
468 2149 674 2231 susciperem,
694 2168 913 2231 quaecumque
932 2147 1042 2234 uelles,
1066 2170 1201 2233 agerem

175 2241 211 2302 et
231 2241 436 2320 praestarem,
455 2235 611 2321 quidquid
630 2257 766 2319 possem.
804 2234 875 2311 Quo
899 2235 1029 2319 quidem
1047 2239 1200 2318 tempore
1219 2252 1225 2263 ·

178 2348 245 2390 non
262 2325 343 2389 mibi
362 2329 418 2389 aut
431 2325 500 2389 ulla
513 2347 673 2389 nouorum
687 2323 938 2406 commodorum,
952 2323 1074 2407 quibus
1089 2327 1203 2389 tamen

137 2439 164 2479 ar
179 2415 340 2477 ducuntur
371 2412 480 2495 multi,
512 2415 562 2476 est
594 2412 711 2476 iniecta
744 2411 919 2495 cupiditiae,
946 2415 1003 2475 aut
1034 2411 1201 2476 honorum

178 2500 331 2582 splendor
354 2499 473 2562 mentis
498 2499 608 2563 oculos
631 2499 851 2582 praestrinxit.
897 2520 1096 2582 quamquam
1118 2500 1201 2564 haec

179 2587 251 2669 ipsa
265 2586 425 2650 cumulate
450 2590 483 2649 et
506 2587 686 2669 exspectari
709 2609 728 2650 a
750 2591 807 2652 tua
829 2586 1025 2651 liberalitate
1048 2610 1149 2670 posse
1170 2593 1202 2652 et

181 2673 333 2739 omnibus
352 2673 514 2756 praeclare
538 2674 712 2760 agentibus
730 2674 847 2739 deferri
866 2696 885 2738 a
902 2679 935 2740 te
959 2674 1062 2740 solere
1082 2675 1204 2740 intelli-

181 2764 307 2850 gebam.
354 2761 410 2826 sed
438 2784 511 2827 cum
538 2762 681 2828 audirem
705 2785 758 2827 eas
781 2767 880 2847 artes,
908 2784 1044 2847 quarum
1072 2763 1202 2830 fructus

141 2879 167 2918 uo
181 2850 409 2917 immortalitas
447 2855 509 2935 est,
538 2851 637 2936 longo
674 2851 845 2916 interuallo
878 2855 912 2916 te
942 2851 1103 2916 Pontifiee
1137 2852 1203 2917 ooli

182 2945 313 3024 coeptas
337 2962 429 3024 esse,
446 2961 537 3004 suam
560 2938 710 3025 religioni
739 2960 775 3003 ac
804 2960 898 3003 uerae
921 2938 1038 3022 pietati
1061 2938 1205 3025 dignita-

182 3033 249 3092 tem
271 3029 409 3112 restitui,
432 3028 543 3093 cedere
566 3027 746 3092 uirtutibus
765 3027 856 3110 uitia,
878 3026 996 3091 rationi
1015 3028 1204 3112 amentiam,

182 3114 352 3179 libidinem
375 3116 505 3200 pudori,
534 3115 602 3180 uim
624 3114 793 3199 aequitati,
821 3115 900 3181 baec
928 3136 989 3200 ego
1017 3136 1089 3179 sum
1113 3138 1205 3182 seeu-

182 3204 244 3287 tus,
278 3202 356 3266 haec
389 3203 540 3268 omnibus
572 3207 605 3267 et
632 3202 808 3268 commodis
836 3207 869 3267 et
900 3203 1080 3267 honoribus
1114 3209 1206 3270 aute

142 3314 168 3356 11
183 3288 286 3373 posui.
334 3288 415 3353 Erat
445 3295 612 3373 praeterea
639 3291 720 3356 mihi
748 3312 815 3355 non
842 3290 937 3355 modo
970 3290 1137 3356 laudabile
1172 3298 1206 3361 et

181 3378 369 3460 honestum,
402 3376 458 3440 sed
486 3377 612 3443 illustre
644 3378 742 3442 etiam
774 3382 807 3443 et
834 3378 1011 3465 gloriosum
1039 3381 1153 3444 uocari
1187 3404 1206 3447 a

182 3466 241 3534 Pio
264 3464 319 3531 IV.
351 3464 509 3530 Pontifice
537 3465 578 3529 ad
610 3488 681 3531 11111
709 3488 830 3552 euram,
858 3472 895 3532 ut
923 3466 1208 3539 sanctissimorum
