2452 3862
392 213 514 270 LXXIV.
539 213 659 270 Camillo
677 213 835 271 Palaeotto.
1056 216 1119 280 151

106 374 179 443 mea
209 397 387 464 congruere
418 374 572 442 iudicium
603 381 704 442 tuum.
751 377 807 462 qui
835 377 922 443 enim
948 376 1122 462 prudentia

106 465 304 553 ingenioque
332 464 482 552 excellat,
511 465 566 550 qui
593 466 637 530 sit
665 467 756 531 sulae
779 466 916 550 peritior
938 466 1036 532 etiam
1058 468 1121 531 for·

105 561 206 640 tasse,
241 576 340 639 quam
369 554 482 638 uellet,
515 553 572 638 qui
602 556 730 620 studeat
759 556 858 620 rebus
887 555 980 640 meis,
1012 556 1054 620 ab
1083 578 1120 620 eo

107 643 278 710 dissentire
306 642 443 709 stultum
471 647 629 728 putarem.
676 643 879 728 Quamquam
907 649 964 709 tua
992 643 1122 728 quidem

106 732 284 818 praecipua
316 736 349 797 et
381 732 472 816 quasi
499 731 672 818 priuilegio
705 734 845 817 quodam
874 733 997 798 uirtute
1026 736 1122 816 parto
1149 753 1161 794 5

106 823 254 887 seiuncta
285 841 305 885 6
333 820 446 885 multis
478 820 622 886 condicio
655 826 712 886 est.
762 822 826 886 tibi
858 822 944 886 enim
978 820 1123 887 Caesaris

76 916 200 977 ‘amor
229 911 376 994 beneque
408 909 447 972 de
479 909 575 974 bonis
605 909 685 975 uiris
714 910 857 975 merendi
889 911 1026 975 facultas
1056 932 1123 974 non

106 999 279 1083 minimum
301 999 387 1062 inter
410 997 530 1063 aulicas
551 999 717 1064 molestias
741 999 955 1064 lenimentum
983 1020 1019 1064 ao
1042 998 1123 1064 sola-

106 1089 192 1154 tium
225 1088 323 1153 debet
355 1108 432 1151 esse.
476 1086 650 1152 Febricula
684 1089 829 1153 nondum
865 1088 995 1173 quidem
1026 1086 1123 1171 plane

106 1176 206 1264 abiit,
229 1177 299 1260 sed,
322 1179 359 1240 ut
382 1175 476 1261 signa
499 1180 589 1261 sunt,
616 1176 746 1241 abitura
768 1177 959 1260 propediem
981 1175 1123 1241 uidetur:
1138 1197 1163 1237 16

107 1265 263 1349 reliquias
286 1263 373 1329 enim
401 1263 458 1328 uix
486 1286 634 1350 agnosco.
681 1265 768 1340 Quae
796 1265 955 1348 scripsisti
983 1265 1021 1329 de
1049 1264 1124 1328 aluo

108 1353 293 1437 mollienda,
312 1375 508 1437 quamquam
525 1374 641 1438 parum
658 1353 845 1437 necessaria,
869 1375 942 1418 cum
961 1374 998 1417 66
1017 1352 1125 1417 morbi

110 1464 228 1528 genere
245 1441 377 1508 liberati
391 1442 501 1528 simus,
519 1444 672 1527 pergrata
689 1446 799 1506 16111611
812 1446 896 1525 sunt,
914 1446 952 1507 ut
966 1463 985 1506 a
998 1462 1124 1506 summo

110 1553 221 1596 amore
242 1531 401 1615 profecta,
431 1531 675 1614 haerebuntque
705 1531 740 1595 in
766 1530 922 1596 memoria
948 1534 981 1595 et
1003 1529 1124 1594 litteris

111 1642 133 1683 a
155 1642 207 1685 mo
229 1619 417 1706 consignata
440 1623 525 1703 sunt,
548 1623 593 1703 ut,
617 1619 643 1684 si
667 1641 718 1684 res
741 1620 895 1704 postulet,
919 1619 969 1684 uti
992 1618 1123 1703 possim.
1139 1637 1164 1679 15

109 1712 188 1773 utor
210 1707 307 1773 etiam
325 1708 496 1792 interdum,
518 1730 559 1772 ne
582 1730 693 1773 rursus
716 1712 869 1794 crescant,
892 1730 974 1792 quae
997 1729 1126 1790 parum-

108 1820 171 1882 per
195 1797 382 1862 humescere
410 1800 595 1882 coeperunt.
640 1796 729 1862 Vale.
774 1796 935 1882 Venetiis‚
964 1795 1020 1862 111.
1049 1817 1125 1861 non.

109 1886 188 1952 Dec.
210 1885 373 1952 MDLXX.

547 2219 691 2285 LXXIV.

243 2359 406 2427 Camillo
433 2362 637 2427 Palaeotto
663 2329 875 2427 Bononiam
896 2370 944 2439 (X,
959 2370 995 2434 a).
1139 2382 1165 2422 ao

199 2503 271 2570 Nae
300 2525 363 2590 ego
390 2503 487 2569 1616111
514 2503 662 2568 uillulam
691 2504 899 2568 uehementer
926 2523 1013 2587 amo,
1044 2523 1126 2585 quae

109 2597 144 2658 to
163 2593 286 2657 fessum
302 2593 437 2658 urbanis
456 2592 542 2658 curis
559 2593 648 2657 leuat
670 2593 838 2676 reficitque
856 2614 984 2657 secessu
1006 2595 1040 2656 61
1059 2590 1126 2656 6116

109 2679 357 2768 iucundissimo,
386 2681 444 2746 ubi
467 2685 500 2746 16
524 2681 651 2767 colligis
675 2682 881 2766 animumque
903 2681 1059 2746 transfers
1086 2679 1127 2742 ed

113 2769 422 2854 contemplationem
452 2769 741 2853 pulcherrimarum
770 2791 886 2835 rerum.
932 2768 1010 2853 quid
1039 2789 1127 2854 agas,

110 2856 191 2943 qnid
223 2878 329 2944 cures,
364 2857 418 2923 lex
448 2859 538 2923 nulla
567 2859 772 2942 praescribit:
808 2857 924 2921 scribis
955 2859 1012 2920 aut
1042 2855 1127 2941 legis
1141 2877 1166 2918 2⁵

110 2945 275 3012 arbitratu
298 2950 369 3032 tuo,
392 2947 488 3012 modo
511 2947 621 3031 aprica
640 2946 912 3029 deambulatione,
934 2944 1030 3010 modo
1053 2966 1126 3028 pro-

110 3038 229 3120 spectu
245 3032 377 3101 collium
392 3036 583 3121 quandoque
601 3039 714 3119 aperto
728 3056 875 3119 puroque
889 3034 977 3099 caelo
997 3033 1127 3119 gaudes.

108 3124 269 3189 nimirum
290 3124 354 3189 hoc
376 3128 425 3189 est
448 3125 558 3190 uiuere
587 3128 621 3188 et
647 3123 712 3188 ista
737 3123 924 3208 solitudine,
953 3123 1017 3187 isto
1040 3122 1128 3186 uitae

110 3233 233 3300 genero
255 3211 339 3278 nihil
361 3213 496 3297 beatius.
541 3235 600 3278 cur
622 3235 682 3299 ego
705 3217 773 3277 tam
795 3211 892 3298 longe
915 3212 1044 3296 absum,
1072 3232 1128 3274 our

107 3300 492 3476 tfflqlttssllff
492 3324 543 3456 210⁸
561 3302 681 3456 llll
699 3300 1128 3477 dltffirbttlltt
1140 3321 1168 3361 ³⁰

533 3441 542 3475 7

111 3478 244 3567 magis?
273 3478 355 3544 mibi
389 3479 496 3566 orode,
532 3480 559 3545 si
592 3501 701 3545 rerum
738 3479 989 3544 domesticarum
1003 3475 1125 3572 ⁸soluts

109 3566 198 3631 ratio
219 3571 314 3654 66661,
335 3567 525 3636 adnotarem
544 3569 587 3637 ad
603 3573 641 3637 te
663 3569 795 3656 statim,
810 3567 996 3648 16166616,
1007 3572 1125 3632 ww
