2452 3862
406 154 500 212 XLIX.
520 156 564 211 Ad
581 155 665 211 Pium
683 155 730 213 lV.
1035 157 1077 222 99

64 318 191 382 tribuas
222 317 284 382 hoc
311 316 472 382 amicitiae
502 321 632 383 nostrae
665 320 699 382 ot
731 316 887 401 aequitati
919 321 1010 401 tuae,
1041 322 1079 382 ut

65 427 209 470 caussam
236 427 340 470 meam
372 405 459 490 apud
498 405 658 490 optimum
688 405 874 489 Principem
907 405 1080 492 diligenter

65 515 143 578 agas
171 493 263 577 eique
291 494 330 558 de
357 515 429 559 meo
457 515 553 558 sensu
581 498 614 558 61
641 493 748 558 studio
776 493 823 558 ita
851 493 948 559 fidem
969 494 1078 580 facias,

64 581 147 645 nihil
170 586 207 646 ut
230 581 294 646 sibi
317 586 385 646 tam
408 604 478 647 esse
502 580 646 647 deditum
669 581 802 667 sentiat,
825 602 924 666 quam
946 604 1078 666 operam

65 691 194 733 omnem
220 691 325 734 meam
351 674 449 754 atquo
473 691 596 755 curam,
618 690 678 734 neo
700 668 796 734 malle
819 692 870 734 me
894 671 1104 755 quidquam‚5

65 779 161 841 quam
180 758 258 841 eius,
280 761 354 822 cuni
367 757 499 841 possim,
518 758 654 842 obsequi
673 758 836 823 uoluntati
855 763 896 844 et,
920 781 993 823 oum
1012 781 1077 824 non

63 846 200 931 possim,
223 846 432 911 uehementer
453 846 538 933 angi.
583 847 645 911 hoc
672 850 708 910 tu
732 868 808 911 cura
836 850 868 911 et
895 848 1026 931 perfice,
1050 847 1078 912 si

62 955 113 998 me
138 934 230 1020 graui
254 956 330 998 sane
354 934 579 1000 sollicitudinis
598 956 693 1000 onere
712 934 856 999 leuatum
879 935 937 1000 uis.
974 935 1077 1020 facile,

62 1027 99 1086 ut
123 1023 253 1106 opinor,
280 1022 334 1087 uel
356 1023 540 1087 humanitas
568 1023 656 1087 illius
683 1023 737 1087 uel
763 1023 847 1087 ratio
877 1023 963 1108 ipsa,
991 1024 1077 1106 quod

61 1110 223 1195 cupimus,
250 1111 441 1194 impetrabit
457 1110 554 1195 idque
577 1133 596 1175 a
619 1114 661 1196 te,
683 1132 724 1175 ne
747 1111 858 1175 uidear
880 1111 1076 1176 humanitati
1090 1135 1117 1174 ro

61 1203 135 1262 tuae
159 1198 313 1285 diffidere,
336 1199 486 1282 pluribus
505 1199 615 1264 uerbis
634 1204 744 1281 petere
762 1213 828 1264 non
847 1199 958 1265 debeo.
985 1199 1076 1265 Vale.

60 1286 191 1350 Romae.
214 1285 299 1351 XVI.
322 1287 392 1352 Kal.
416 1286 546 1351 Januar.
569 1285 715 1351 MDLXI.

463 1552 674 1559 m

512 1755 623 1824 XLIX.

195 1898 253 1964 Ad
274 1900 383 1965 Pium
405 1897 459 1964 IV.
505 1898 691 1964 Medicam
713 1897 820 1963 Pont.
844 1897 939 1964 Max.

102 2005 137 2068 in
163 2004 285 2069 librum
310 2003 484 2090 Regn'ncldi
509 2003 583 2069 Poli
610 2002 788 2069 Cardinalis
816 2004 855 2069 de
883 2004 1026 2108 Concilio
1087 2031 1112 2072 15

453 2117 555 2185 (Praei.
569 2114 676 2180 XXIV).

36 2256 42 2269 '
148 2245 279 2331 Optime
303 2246 465 2312 consuluit
486 2245 651 2311 Ecclesiae
679 2267 756 2310 suae
777 2247 867 2311 Deus
895 2252 993 2331 atque
1015 2248 1072 2312 hu-

57 2358 153 2400 mano
177 2335 288 2422 generi
315 2335 480 2418 uniuerso,
507 2354 582 2400 cum
609 2333 644 2398 in
670 2337 763 2399 tanta
790 2355 898 2398 rerum
929 2335 1072 2400 omnium

56 2423 303 2508 perturbatione
327 2428 360 2488 et
383 2421 519 2488 extremi
542 2422 608 2486 iam
630 2421 767 2506 periculi
795 2427 884 2486 metu
906 2421 1071 2487 Vicarium

56 2518 89 2577 16
113 2535 215 2598 suum,
237 2511 295 2577 Pie
308 2511 356 2577 IV
356 2561 372 2595 .,
394 2511 480 2576 inter
496 2510 644 2576 homines
662 2510 840 2596 constituit
863 2514 901 2575 ut
920 2511 1070 2576 omnibus
1085 2537 1112 2578 ao

55 2602 150 2665 malis
173 2601 346 2683 prudentia
367 2604 425 2665 tua
446 2599 629 2665 mederetur
650 2621 773 2683 nosque
796 2621 815 2663 a
837 2599 970 2664 summis
990 2599 1071 2664 diffi-

57 2688 235 2753 cultatibus
265 2688 319 2752 uel
347 2687 548 2770 impendenti
581 2687 691 2772 potius
722 2687 822 2752 exitio
855 2691 998 2771 ereptos,
1030 2687 1071 2751 ad

55 2797 214 2840 summam
236 2775 505 2860 tranquillitatem
523 2777 556 2839 61
575 2779 721 2860 optatam
739 2779 832 2839 antea
850 2774 955 2860 magis
973 2795 1070 2857 quam

56 2868 219 2948 speratam
241 2863 431 2928 felicitatem
451 2863 640 2928 traduceret.
685 2863 795 2945 itaque
816 2882 911 2944 nunc,
933 2861 1000 2925 tuis
1018 2862 1069 2924 ad-

56 2952 144 3017 ducti
174 2950 460 3036 praestantissimis
492 2954 526 3016 et
557 2949 699 3016 consiliis
731 2953 767 3012 et
791 2948 900 3030 factis,
929 2947 1068 3012 maxime
1082 2972 1109 3014 25

55 3063 131 3105 uero
155 3045 212 3105 tua
234 3039 310 3104 freti
328 3038 461 3122 iustitia,
484 3060 566 3123 quae
584 3038 647 3102 tibi
665 3036 771 3121 prima
789 3040 822 3100 et
845 3034 1069 3118 antiquissima

55 3129 160 3193 uirtus
183 3133 233 3193 est
256 3127 383 3210 fuitque
406 3127 441 3191 in
459 3125 547 3191 omni
570 3125 648 3208 uita,
670 3123 749 3188 boni
771 3122 835 3188 uiri
854 3144 894 3188 ex
917 3123 1068 3190 omnibus

54 3215 167 3280 Italiae
190 3215 342 3300 partibus
368 3218 465 3299 atque
488 3214 586 3278 etiam
613 3234 653 3276 ex
676 3210 886 3296 transalpinis
913 3213 1068 3298 gentibus

54 3304 150 3368 multi
172 3305 213 3368 ad
235 3303 359 3369 Vrbem
382 3302 548 3367 confluunt
570 3305 617 3386 61,
643 3299 727 3385 quia
745 3304 819 3365 tuas
841 3321 952 3366 omnes
975 3322 1068 3366 curas

55 3413 93 3456 eo
118 3397 263 3476 spectare
286 3386 412 3475 uident,
438 3412 504 3455 non
533 3393 572 3455 ut
598 3387 746 3474 angustia
769 3409 947 3473 paucorum
969 3409 1067 3451 anno-
1081 3409 1108 3448 eo

55 3502 127 3543 rum
150 3480 297 3545 terminis
319 3484 395 3544 tuae
417 3479 543 3544 fructus
561 3475 791 3542 beneficentiae
810 3475 988 3558 definiatur,
1012 3473 1068 3537 sed

817 3579 853 3633 *2*
