2452 3862
342 193 441 251 XVIII.
469 194 514 249 Ad
532 195 682 250 alfonsum
701 196 839 252 carerem.
1053 199 1098 263 43

78 379 183 441 nunc,
210 356 296 442 quod
324 379 412 423 eram
439 357 577 422 alterum
604 357 784 444 pollicitus,
814 359 852 423 de
881 358 1024 424 utilitate
1052 361 1098 424 ui-

80 447 223 511 deamus.
270 444 388 511 Omnes
419 445 550 531 linguae
583 446 720 512 aliarum
750 447 941 513 admistione
974 448 1097 535 lingua

80 558 171 618 rum,
201 535 228 600 si
260 534 426 600 moderata
458 534 515 619 sit,
547 539 721 620 augentur,
754 535 781 600 si
812 535 926 620 nimia,
958 559 1097 603 corrum-

81 628 207 707 puntur
228 627 326 708 atque
349 623 522 688 intereunt.
560 624 646 707 quod
669 623 755 688 enim
777 625 949 709 recipitur,
970 625 1004 689 id
1028 648 1097 690 esse

79 711 180 776 debet
207 711 276 776 eius
304 711 406 796 modi,
434 714 471 776 ut
499 711 686 795 recipientis
712 717 862 778 naturam
888 714 1003 779 suani
1027 736 1097 779 sua·
1124 713 1137 776 '5

82 822 145 884 que
177 798 403 886 magnitudine
433 813 499 864 non
531 805 712 885 exsuperet.
764 801 874 886 itaque
907 825 1012 868 sermo
1044 804 1097 868 hic

84 892 196 953 noster
217 888 352 954 Italicus
373 888 492 954 multas
516 886 631 954 Gallici
654 890 820 974 sermonis,
842 891 963 956 multas
980 890 1097 976 Hispa

79 977 154 1062 nici,
173 977 327 1061 quasdam
346 977 482 1042 aliarum
499 977 669 1043 nationum
687 979 788 1043 habet
806 983 923 1063 partes.
950 1002 1096 1045 caussam

80 1065 108 1130 si
137 1065 333 1150 quaerimus:
362 1089 428 1131 non
455 1066 532 1150 alia,
563 1088 660 1151 quam
687 1089 797 1132 earum
824 1068 972 1154 gentium
999 1068 1096 1134 inter-

79 1159 198 1219 uentus
221 1159 255 1219 et
277 1154 476 1220 consuetudo
497 1154 569 1220 fuit.
611 1155 748 1240 quodsi
772 1155 938 1222 Gallorum
961 1162 1017 1223 aut
1040 1157 1097 1222 Hi·
1112 1180 1138 1219 ιο

77 1262 256 1327 spanorum
279 1242 434 1310 immensa
457 1242 632 1309 muItItudo
658 1243 816 1332 (exempli
840 1267 952 1311 caussa
975 1246 1097 1312 dictum

79 1354 100 1395 a
124 1353 175 1395 me
199 1331 251 1415 sit,
274 1353 368 1396 omen
387 1332 518 1416 quidem
540 1332 636 1395 inane
655 1353 723 1396 esse
742 1330 842 1416 uolo),
866 1334 922 1397 sed
940 1334 969 1398 si
988 1356 1097 1399 earum

80 1419 250 1482 nationum
268 1418 370 1483 maior
389 1420 497 1502 aliqua
520 1419 571 1483 uis
594 1419 629 1483 in
650 1410 779 1511 Italiam
797 1416 953 1504 irruperit
971 1443 1008 1486 ac
1027 1443 1097 1504 per-

78 1506 250 1592 manserit,
271 1507 375 1571 maior
398 1506 495 1571 simul
517 1506 687 1572 inducetur
710 1505 824 1573 Gallici
847 1512 904 1574 aut
926 1508 1096 1592 Hispaniei

78 1595 239 1660 sermonis
263 1617 339 1660 usus
363 1600 396 1660 et
419 1597 556 1660 fortasse
583 1594 801 1661 aduenticium
829 1595 910 1662 iIIud
932 1617 1033 1681 usque
1058 1619 1095 1662 eo
1110 1619 1136 1660 15

81 1683 220 1767 ualebit,
252 1689 289 1749 ut
322 1684 383 1749 hoc
416 1684 627 1750 domesticum
659 1684 769 1751 uincet
801 1685 932 1771 suisque
964 1686 1095 1752 sedibus

80 1773 232 1856 expellat.
275 1773 362 1857 quod
383 1773 462 1839 olim
484 1773 649 1839 Romanae
672 1773 803 1862 linguae
828 1774 974 1861 contigit,
998 1795 1096 1859 quam

81 1861 256 1927 multarum
283 1866 427 1927 aetatum
455 1862 574 1947 spatio,
606 1863 718 1928 multis
748 1864 961 1929 maximarum
988 1875 1096 1935 rerum

78 1950 272 2014 adiumentis
299 1956 427 2016 auctam
453 1956 550 2035 atque
578 1952 800 2017 confirmatam
822 1952 959 2017 diuersis
987 1956 1096 2018 tamen

79 2039 212 2122 populis
242 2037 370 2102 Italiam
407 2039 642 2122 occupantibus
679 2039 878 2105 diuersarum
909 2040 1095 2127 linguarum
1109 2061 1136 2102 so

77 2126 222 2210 impetus
241 2126 412 2209 oppressit.
450 2124 531 2190 Cum
553 2126 656 2212 Igitur
677 2127 789 2212 lingua
811 2127 958 2213 linguam
981 2129 1094 2212 ampli-

77 2217 154 2279 ficet
181 2218 356 2297 nostraque
382 2213 462 2276 Iraec
488 2211 617 2296 Italica,
647 2236 712 2279 non
740 2213 852 2279 multis
882 2215 999 2278 abhinc
1030 2238 1095 2279 sae-

76 2302 160 2367 culis
188 2306 259 2366 orta
287 2322 347 2365 nec
373 2300 546 2366 admodum
577 2301 758 2365 liberaliter
789 2301 1007 2385 praemiorum
1038 2322 1095 2367 nu-

77 2389 243 2457 trimentis
280 2389 414 2454 educata
444 2412 510 2455 non
540 2389 589 2454 ita
623 2389 700 2455 dum
731 2389 922 2476 adoleuerit,
959 2395 996 2455 ut
1028 2391 1095 2456 suis

79 2483 232 2544 contenta
250 2478 376 2544 uiribus
396 2501 464 2543 esse
483 2478 597 2564 possit,
620 2482 729 2544 statuo
749 2478 794 2543 sio
812 2482 910 2563 atque
930 2479 1094 2567 concludo,
1108 2501 1135 2543 a

80 2567 296 2633 accessionem
319 2568 349 2632 ai
371 2566 442 2632 fieri
465 2568 620 2633 maiorem
641 2589 708 2633 non
731 2589 835 2653 posse,
859 2590 956 2653 qaam
975 2569 1002 2634 si
1021 2591 1095 2635 cum

78 2657 195 2721 Latina
231 2656 454 2743 coniungatur.
504 2679 571 2722 non
606 2657 701 2722 modo
735 2656 811 2741 quia
841 2658 931 2722 nuIIa
968 2658 1095 2741 plenior

79 2749 137 2810 aut
166 2745 323 2829 ornatior,
355 2765 468 2810 uerum
498 2745 608 2830 etiam,
641 2745 717 2829 quia
748 2742 838 2810 nulla
868 2745 1011 2810 similior.
1054 2767 1094 2809 ex

78 2855 143 2917 quo
176 2833 337 2918 sequItur,
374 2837 410 2897 ut
442 2833 483 2897 ad
514 2833 691 2899 coeundam
727 2854 800 2898 oum
837 2855 874 2898 ea
906 2833 1095 2898 societatem

78 2921 168 2986 nulla
198 2921 403 2986 commodior.
449 2920 510 2986 aa
540 2921 642 3008 igitur
669 2921 853 2986 litterarum
876 2921 1094 2986 Romanarum
1108 2945 1136 2986 ee

77 3032 152 3074 eum
175 3032 234 3094 per
257 3031 290 3074 se
312 3008 487 3074 laudabilis
514 3009 685 3075 admodum
713 3013 746 3073 et
773 3008 912 3073 iucunda
934 3009 1095 3094 tractatio,

78 3103 150 3162 tum
172 3121 263 3180 uero,
291 3098 319 3162 si
347 3097 477 3182 quidem
503 3098 590 3163 hune
612 3097 735 3182 ipsum,
762 3119 826 3180 quo
854 3119 940 3162 nune
963 3098 1095 3184 utimur,

77 3190 211 3251 auctum
234 3191 490 3270 exornatumque
513 3202 694 3252 sermonem
717 3185 874 3270 cupimus,
896 3209 1093 3274 magnopere

76 3275 264 3339 necessaria.
310 3273 419 3359 Atque
442 3275 523 3340 haee
545 3280 582 3340 tu
605 3295 734 3359 quoque
756 3273 862 3362 uides,
888 3273 1025 3341 Alfonse
1047 3277 1093 3339 in·

77 3362 310 3449 geniosissime,
328 3367 484 3448 tuumque
498 3362 654 3429 iudicium
668 3385 742 3429 cum
755 3385 827 3429 mea
845 3365 1007 3429 sententia
1021 3385 1093 3428 con·
1108 3382 1135 3423 es

77 3451 194 3537 iungis.
241 3451 364 3537 itaque,
392 3474 466 3517 curn
489 3474 508 3515 a
530 3451 636 3535 prima
663 3451 804 3535 pueritia
827 3451 867 3516 od
891 3449 1094 3535 eloquentiae

76 3539 242 3606 Romanae
266 3539 479 3624 cupiditatem
506 3539 692 3604 incumbere
721 3539 896 3623 coepisses,
923 3542 1038 3621 postea
1060 3539 1094 3600 a
