2452 3862
389 197 437 253 Vl.
463 197 616 256 Benedicta
634 198 761 255 Accolto.
1039 200 1079 265 11

58 360 167 426 tudini
191 359 311 424 damus.
358 360 461 424 abditi
486 361 600 426 deinde
623 361 658 426 in
681 360 878 444 cubiculum,
902 384 983 446 quae
1007 363 1078 426 reli·

62 453 245 534 quaesunt
272 452 347 513 ante
376 471 508 514 coenam
531 450 643 534 horae,
672 472 724 515 eas
748 449 911 515 Ciceronis
939 451 1078 515 lectione

59 537 289 602 consumimus,
336 537 396 601 hac
420 560 480 624 ego
510 561 655 603 meorum
679 538 860 603 studiorum
882 539 1007 604 ratione
1031 540 1077 604 ita

60 627 216 710 delector,
246 629 282 690 ut
312 647 383 690 eam
406 626 459 691 uel
483 627 635 692 omnibus
658 627 803 692 omnium
825 627 954 714 Regum
977 629 1077 692 fortu-

59 715 113 779 nis
137 719 332 798 anteponam
356 718 388 778 et
412 715 508 779 simul
526 715 690 780 interdum
709 716 917 782 solitudinem
936 715 1078 801 aliquam
1106 740 1120 780 1

63 808 222 886 spectem,
252 802 310 866 ubi
339 803 401 867 hoc
430 803 497 869 otio
529 805 597 868 sine
627 804 695 868 ulla
721 804 982 889 interpellatione
1010 805 1078 868 diu-

63 891 190 956 tissime
217 892 369 956 fruamur.
416 893 503 976 quod
530 893 677 976 profecto
707 894 858 978 efficiam,
887 893 914 957 si
942 915 993 958 me
1016 894 1078 958 hoc

61 980 253 1044 emendandi
282 984 431 1044 ueterum
459 981 562 1046 libros
590 1003 700 1065 onere,
736 1004 799 1065 quo
831 1003 917 1046 nunc
948 981 1077 1082 quidem

59 1068 156 1133 ualde
179 1090 317 1152 premor,
340 1069 429 1134 Deus
448 1069 565 1154 aliquis
588 1071 714 1134 leuarit.
692 1070 900 1153 tinterim,
925 1071 1077 1172 quoniam

60 1158 146 1221 hanc
175 1156 340 1240 Spartam,
373 1180 454 1241 quae
485 1159 552 1222 obt
529 1159 619 1244 tigit,
592 1159 797 1223 tdesererc
827 1159 896 1224 sine
927 1159 1076 1245 ignauiae
1092 1183 1117 1222 11

61 1245 247 1328 suspicione
270 1268 336 1310 non
358 1269 543 1331 possumus,
574 1252 722 1311 tueamur
749 1270 820 1312 eam
848 1253 945 1331 atque
969 1247 1077 1331 ctiam,

59 1335 87 1398 si
111 1334 182 1398 fieri
205 1337 324 1417 potest,
348 1357 506 1400 ornemus.
544 1358 608 1419 quo
631 1357 716 1400 nunc
739 1336 774 1400 111
792 1358 910 1421 genere
934 1336 1077 1419 aliquan

59 1427 133 1486 tum
154 1384 355 1505 laboramris,
378 1428 551 1506 propterea
575 1423 706 1506 quod''
684 1446 721 1506 11,
745 1424 801 1507 qui
823 1423 968 1487 nascenti
988 1444 1076 1486 meae

59 1510 150 1575 laudi
180 1510 289 1574 fauere
320 1511 497 1595 debebant,
529 1512 685 1575 hactenus
715 1511 851 1575 obscure
881 1510 1077 1595 inuiderunt,

57 1620 146 1664 nunc
169 1603 281 1683 aperte
305 1599 403 1663 etiam
426 1601 644 1664 aduersantur.
682 1599 826 1664 sednon
849 1598 944 1663 dubit
930 1604 974 1683 to,
998 1599 1077 1683 quin
1091 1623 1118 1663 15

57 1709 190 1752 omnem
212 1687 477 1752 maleuolentiam
502 1688 635 1752 uirtutis
665 1709 728 1772 ope
751 1687 924 1771 aliquando
948 1709 1076 1772 supere-

57 1799 141 1841 mus.
188 1797 286 1859 quare
310 1777 402 1860 haec,
430 1777 492 1841 etsi
515 1782 591 1841 sunt
614 1777 752 1841 molesta
778 1777 814 1840 in
836 1776 951 1860 primis
979 1781 1076 1860 atque

56 1865 221 1948 acerbat
223 1887 314 1928 amen
338 1887 403 1929 non
427 1865 577 1949 efficient,
599 1871 637 1930 ut
623 1864 741 1930 tmihi
763 1865 882 1929 hoct
848 1865 951 1929 otium
970 1865 1077 1929 minus

57 1953 246 2038 iucundum,
269 1953 376 2017 minus
399 1976 433 2017 re
457 1953 614 2018 dulcet
573 1958 623 2018 111
669 1953 753 2018 facio
778 1953 864 2017 enim
883 1957 1076 2054 constanter,

59 2041 149 2126 quod
172 2004 350 2106 doctissimi
378 2041 440 2106 uiri
469 2042 688 2126 praecipiunt,
716 2046 753 2106 ut
781 2042 816 2106 in
843 2041 1117 2106 11111111111111111

55 2130 101 2195 111
122 2129 239 2194 studiis
262 2130 371 2194 omnia
394 2152 522 2214 ponam,
546 2152 627 2214 quae
649 2153 709 2195 nos
733 2130 881 2194 secundis
904 2131 1002 2194 rebus
1025 2130 1077 2193 de·

56 2219 193 2301 lactare,
223 2217 366 2282 aduersis
397 2218 496 2282 etiam
522 2218 634 2282 iuuare
662 2222 807 2301 possunt.
854 2218 888 2281 in
916 2240 980 2300 qua
1008 2240 1076 2281 sen-

55 2307 163 2372 tentia
185 2306 289 2371 multo
314 2306 485 2370 confirmor
507 2305 624 2392 magis,
651 2329 724 2370 cum
747 2305 909 2390 recordor,
933 2305 967 2368 id
990 2305 1077 2389 quod

57 2395 145 2460 facio
179 2395 380 2479 saepissime,
417 2399 555 2479 quantae
588 2394 651 2459 tibi
684 2417 778 2458 curae
810 2415 901 2458 meae
933 2392 1076 2457 rationes

56 2483 192 2567 fuerint,
215 2505 278 2568 qua
301 2505 352 2548 me
376 2488 580 2567 praesentem
601 2483 802 2548 humanitate
825 2482 984 2567 tractaris,
1008 2482 1075 2566 qui·
1090 2505 1117 2546 11

57 2573 122 2636 bus
146 2573 314 2636 absentem
338 2572 453 2637 officiis
473 2578 623 2637 omatum
642 2595 710 2637 esse
729 2571 880 2655 uolueris,
905 2593 986 2655 quae
1010 2593 1076 2636 non

56 2660 172 2726 uideor
195 2661 275 2725 mihi
297 2661 365 2725 ullo
387 2664 483 2744 pacto
502 2683 598 2745 posse
617 2662 785 2744 sustinere,
808 2659 870 2724 nisi
894 2683 945 2724 me
969 2664 1077 2724 totum

56 2749 99 2813 iis
127 2748 254 2813 artibus
282 2749 408 2831 dedam,
439 2771 520 2832 quae
548 2754 624 2813 sunt
652 2772 719 2815 non
747 2749 843 2813 modo
871 2748 911 2812 ad
939 2748 1076 2812 referen-

56 2837 149 2921 dam,
178 2837 296 2901 sedt
264 2837 362 2901 etiam
392 2838 432 2901 ad
461 2837 685 2901 illustrandam
712 2837 851 2938 gratiam
878 2835 1075 2935 aptissimae.

57 2925 149 3010 quod
172 2925 248 3010 quia
271 2948 322 2990 me
346 2925 523 2990 faceret
473 2948 508 2990 m
509 2925 630 3010 telligis
654 2930 687 2989 11
710 2925 859 3009 quia,ut
823 2922 939 2989 uttOc
924 2923 1075 2987 tauianus
1088 2948 1115 2989 11

56 3014 188 3099 scribit,
210 3037 278 3079 non
301 3013 385 3078 exist
386 3014 468 3078 imas
490 3013 570 3078 mihi
594 3035 663 3078 esse
686 3013 888 3096 patiendum,
919 3015 1075 3095 quantum

57 3103 241 3187 proficiam,
272 3102 396 3167 confido
424 3107 457 3166 11
485 3102 566 3167 det
552 3107 609 3167 tuo
637 3102 671 3166 in
699 3123 749 3165 me
778 3100 885 3166 studio
913 3099 996 3164 nihil
1024 3100 1076 3164 de·

56 3194 255 3275 tracturum3
284 3191 381 3275 idque
409 3195 446 3255 ut
473 3190 572 3255 facias
595 3190 656 3255 etsi
678 3212 744 3255 non
768 3190 854 3255 arbit
855 3210 908 3254 ror
931 3211 999 3254 esse
1022 3211 1075 3253 ne

57 3279 244 3364 cessarium,
267 3283 377 3344 tamen
400 3301 596 3365 magnopere
620 3283 765 3366 t.erogo
801 3278 892 3362 Vale,
915 3276 984 3342 ΠΠ.
1004 3275 1074 3341 Kal

56 3365 129 3434 Oct
148 3367 276 3433 Venet'
240 3372 295 3433 tus
320 3366 580 3449 [ΜΒΧΧΧἮῩ]Ι
1089 3387 1116 3428 as

60 3491 261 3500 —————.

154 3564 188 3613 10
208 3558 294 3613 ‘hanc
313 3560 455 3628 Spartam¹
477 3557 533 3613 011.
553 3559 590 3613 ad
609 3560 668 3618 Att.
686 3561 733 3628 IV,
750 3565 773 3613 6.
