2452 3862
121 178 164 245 92
388 175 484 236 XLIV.
510 175 683 246 Hieronymo
703 173 865 245 Seripando.

119 342 171 407 nis
204 346 237 406 et
269 339 383 404 diebus
411 337 570 406 rationem
598 337 693 421 duco,
724 334 819 403 uideo
847 337 929 419 foro,
961 337 999 399 ut
1029 333 1139 405 idibus

120 429 208 497 Sext.
240 432 297 493 aut
330 426 425 512 plane
458 426 628 492 absolutus
661 425 703 491 ab
737 423 893 510 operariis
924 424 1050 492 uostris
1082 430 1139 495 aut

120 517 203 583 inibi
236 517 287 581 sit.
337 516 446 599 itaque
478 515 577 581 uelim
609 513 784 601 significes,
815 517 897 599 quot
927 513 969 577 ad
1000 518 1036 578 te
1069 514 1139 583 eius

121 604 270 690 exempla
293 610 325 670 et
353 604 402 670 oui
433 603 501 668 dari
529 603 620 670 uelis.
666 603 810 669 chartam
836 601 1009 687 probabis,
1038 601 1140 674 habet

93 693 207 760 sonim
230 692 477 779 amplitudinem
500 696 533 758 et
556 691 759 778 elegantiam,
781 712 876 775 spero
900 690 980 759 item
1002 690 1137 776 reliqua.

121 782 284 847 mitterem
312 781 357 847 Io.
380 780 525 848 Antonio
554 779 755 865 bibliopolae
786 783 903 850 uestro.
954 779 1011 844 sed
1039 780 1137 852 homo

122 875 184 953 est,
213 871 298 955 quod
321 870 406 935 inter
432 892 492 934 nos
516 869 636 935 dietum
660 868 716 954 sit,
743 868 854 952 paullo
877 868 1011 933 adrem
1034 873 1139 934 atten-

121 959 198 1042 tior‚
227 981 323 1043 quam
347 958 472 1023 uellem.
517 957 582 1022 nisi
604 957 750 1022 remittat
773 955 897 1040 aliquid
920 956 958 1021 de
982 978 1042 1022 sua
1065 979 1139 1023 oon·

122 1047 299 1133 suetudine,
322 1047 379 1111 uix
397 1051 478 1130 puto
497 1046 660 1111 internos
678 1066 774 1130 posse
793 1045 974 1109 oonuenire.
1010 1066 1139 1111 uerum-

81 1141 231 1201 notamen
261 1135 338 1220 quid
370 1135 410 1200 ad
438 1134 521 1199 nos?
562 1138 691 1199 utamur
720 1134 798 1218 alio,
830 1133 885 1218 qui
915 1155 950 1198 se
979 1134 1139 1217 praebeat

121 1225 306 1309 aequiorem
340 1223 375 1289 in
406 1223 631 1311 transigendo,
664 1222 777 1286 deinde
810 1223 933 1287 bonum
965 1221 1074 1286 uirum
1103 1223 1139 1288 in

121 1314 184 1378 fide
202 1314 404 1403 praestanda.
429 1311 515 1397 quod
534 1316 640 1377 totum
659 1310 849 1395 prudentiae
863 1315 938 1376 tuae
958 1311 1137 1377 committo.

120 1402 210 1467 Vale.
256 1401 403 1468 Venetiis
427 1400 564 1486 [MDLX
586 1404 660 1465 ante
684 1421 827 1464 mensem
849 1397 1061 1486 Augmstum]

522 1623 735 1638 ῳ

572 1824 684 1891 XLIV.

81 1988 108 2028 ra
122 1963 357 2050 Hieronymo
379 1963 591 2051 Seripando
614 1964 810 2031 cardinali
832 1971 959 2032 oreato
981 1966 1139 2034 Romam

569 2069 683 2142 (vna,

210 2196 241 2263 A
274 2220 337 2283 quo
369 2196 511 2282 primum
547 2203 694 2283 tempore
730 2195 854 2280 aliquid
889 2218 1016 2282 sapere,
1054 2197 1139 2263 idest

123 2310 141 2351 a
164 2287 256 2375 uulgi
280 2287 490 2371 opinionibus
513 2286 682 2352 dissentire
705 2285 811 2370 coepi,
835 2307 964 2370 semper
985 2285 1034 2350 ita
1055 2286 1137 2351 iudi·

123 2377 207 2459 eaui,
248 2376 351 2440 multo
389 2398 457 2440 esse
495 2376 673 2458 optabilius
712 2373 880 2458 multoque
917 2375 1139 2459 praestantius

80 2484 108 2524 ao
122 2463 275 2545 consequi
307 2462 463 2526 uirtutem
495 2463 613 2547 ipsam,
645 2484 743 2546 quam
775 2466 964 2528 ornamenta
995 2462 1137 2528 uirtutis.

121 2551 230 2633 itaque
253 2571 339 2613 nuno
362 2549 460 2614 allato
484 2550 523 2613 de
545 2553 602 2615 tua
625 2550 784 2638 dignitate
806 2551 936 2636 nuntio,
964 2572 1062 2637 quem
1083 2552 1139 2616 hio

120 2637 247 2723 ingenti
269 2637 394 2702 laetitia
417 2637 495 2702 boni
519 2659 629 2704 omnes
653 2645 861 2724 exceperunt,
888 2662 955 2706 non
980 2662 1058 2706 sane
1081 2645 1139 2706 tua

121 2748 233 2813 caussa
255 2726 368 2813 magis,
388 2749 484 2812 quam
502 2731 598 2792 antea
616 2750 676 2813 pro
700 2728 862 2794 communi
882 2727 1012 2814 quidem
1027 2729 1139 2794 Eoole·

120 2817 186 2893 siae
209 2817 306 2901 bono,
329 2816 380 2882 oui
402 2821 530 2882 tantum
550 2839 589 2881 ex
606 2817 729 2882 honore
747 2821 804 2882 tuo
823 2816 986 2901 praesidii,
1008 2822 1140 2884 tantum

81 2923 109 2965 as
123 2905 303 2990 splendoris
340 2905 521 2991 aooesserit,
557 2926 753 2992 magnopere
791 2927 862 2970 sum
898 2905 1048 2972 laetatus.
1101 2911 1139 2972 tu

123 2996 208 3060 enim
234 2995 274 3065 *is
311 3017 358 3081 es,
395 2995 485 3061 ouius
518 2995 644 3060 animus
675 2994 754 3058 haee
785 2994 927 3059 humana
958 3015 1139 3080 numquam

123 3184 293 3238 sententiam
325 3185 492 3242 deducebat.
538 3186 569 3244 in
596 3185 721 3241 editione
753 3185 821 3239 anni
850 3189 918 3240 1561
947 3186 1138 3256 sequebaturr

123 3254 262 3323 siquidem
286 3256 424 3311 interesse
450 3256 596 3326 coniungit
624 3255 733 3327 potius,
761 3272 847 3325 quam
875 3255 990 3312 dirimit.
1029 3257 1138 3327 itaque,

122 3325 198 3396 quod
216 3327 314 3381 nostra
331 3325 462 3396 interest,
488 3327 565 3382 idem
588 3328 626 3385 ad
644 3344 695 3383 nos
714 3326 856 3396 pertinere
874 3326 945 3382 lieet
962 3326 1066 3385 dicere.
1100 3331 1138 3398 et,

122 3397 147 3452 si
169 3397 238 3465 hoo,
265 3397 391 3465 sequitur
414 3396 500 3466 illud,
528 3400 560 3453 ut
582 3397 742 3468 indignatio
765 3415 823 3454 non
846 3397 935 3457 distet
957 3398 994 3453 ab
1018 3398 1139 3468 inuidia,

122 3487 186 3524 oum
209 3468 241 3525 τὸ
264 3468 389 3540 νεμεσᾶν
411 3467 598 3526 interritam]
621 3473 755 3540 φθονεῖν.
793 3469 842 3525 sed
865 3468 993 3527 alnoinor
1015 3470 1139 3527 fortasse

122 3542 240 3596 ethaeo
259 3541 291 3596 tn
310 3538 424 3598 omnino
442 3540 556 3610 melius,
576 3539 625 3608 qui
644 3540 718 3596 soles
737 3539 875 3597 interiora
893 3541 1075 3610 perscrutari.
