2452 3862
360 155 444 212 XXX.
463 156 558 212 Marco
577 155 701 212 Antonio
720 156 837 214 Mureto.
1066 160 1110 227 65

90 321 141 383 est
162 337 302 382 necesse.
348 321 424 383 sunt
448 317 534 383 enim
558 316 700 384 eiusdem
723 319 914 406 argumenti.
945 318 996 385 sin
1019 323 1108 388 tuam

90 405 308 490 uoluntatem,
335 427 417 489 quae
441 411 561 491 quanta
590 407 646 492 sit,
670 429 710 473 ex
732 408 798 473 tuis
821 407 939 474 litteris
963 415 1108 494 apparet,

90 498 168 560 sunt
192 494 304 559 eadem
325 493 478 559 iteranda.
524 495 570 560 sic
593 496 695 582 igitur
717 496 841 562 faciam.
886 494 1025 563 Affirmo
1043 498 1107 563 tibi

89 581 260 669 Sigonium
286 586 443 666 nostrum,
466 583 493 647 si
507 582 689 649 Bononiam
707 584 781 649 ierit
800 606 1015 669 praesensque
1035 606 1107 651 con·

90 670 241 754 tenderit,
264 674 388 736 certum
411 672 564 737 futurum.
587 673 688 737 habet
707 673 932 739 auctoritatem
952 695 991 737 ex
1010 674 1106 740 huius
1133 693 1147 739 o

90 758 155 825 loci
178 759 338 845 dignitate
361 763 498 845 partam,
520 760 600 825 mire
624 761 691 826 suis
714 760 944 845 amplificatam
967 762 1108 849 scriptis,

88 847 281 932 praesertim
303 847 355 912 bis
378 847 565 934 postremis,
588 848 709 935 insigni
733 849 887 934 doctrina,
911 849 1037 936 iudicio,
1063 851 1107 915 in-

111 935 185 1000 enio
209 934 345 1000 refertis.
379 935 485 999 studia
506 935 759 1002 Bononiensium
784 937 903 1002 ciuium
927 938 1020 1004 facilc
1045 939 1107 1003 col·

87 957 178 1110 figet.
221 1023 337 1088 ciuitas
360 1023 446 1088 enim
470 1027 519 1088 est
541 1025 583 1088 ad
604 1025 839 1091 humanitatem
856 1025 947 1092 nulla
968 1048 1107 1129 propon-

33 1138 35 1143 ·
88 1111 162 1178 sior.
208 1109 351 1196 Accedit,
374 1111 461 1195 quod
478 1116 536 1176 aut
557 1116 649 1196 petet
671 1113 759 1179 solus
782 1118 840 1179 aut
862 1135 935 1179 cum
954 1115 1003 1199 iis,
1026 1136 1107 1200 quos
1123 1136 1147 1179 ro

86 1220 193 1284 neque
214 1199 356 1265 nominis
373 1199 461 1264 fama
476 1222 582 1285 neque
600 1222 686 1288 uero,
709 1206 746 1266 ut
764 1224 783 1266 a
800 1202 965 1268 nonnullis
987 1204 1107 1290 eccrrpi,

85 1287 271 1355 litterarum
298 1287 433 1353 scientia
459 1309 656 1374 magnopere
683 1291 892 1355 commendet.
942 1290 1107 1375 Bargucus

87 1376 184 1461 enirn,
206 1376 269 1461 οὐχ
292 1377 311 1442 ὁ
332 1377 443 1460 τυχὼν
461 1375 556 1460 ἀνήρ,
578 1376 797 1442 condicionem
819 1377 908 1442 illam
932 1382 1018 1443 ccrtc
1041 1399 1106 1443 non

87 1467 223 1549 spectat.
282 1464 339 1548 qui
370 1464 457 1529 enim
488 1463 574 1529 Pisis
605 1465 789 1530 dominetur
820 1470 854 1531 et
885 1488 944 1531 sua
975 1465 1105 1551 uirtute,

87 1575 186 1637 quam
207 1552 359 1617 nouimus
381 1552 605 1635 excellentem,
633 1557 667 1617 et
688 1552 850 1638 Principis
872 1553 991 1641 gratia,
1014 1554 1105 1620 cuius
1120 1576 1145 1617 u

86 1641 122 1707 in
145 1641 268 1706 ditione
296 1645 393 1706 natus
420 1645 478 1726 est,
506 1662 571 1725 quo
598 1641 732 1707 consilio
760 1642 801 1707 ad
828 1664 880 1709 res
908 1664 1010 1709 nouas
1039 1643 1104 1709 ani·

84 1752 176 1797 mum
199 1729 353 1795 adiiciat?
379 1751 468 1816 ergo,
492 1730 521 1794 si
539 1730 704 1796 Bononiae
718 1729 881 1818 Sigonius,
898 1731 1003 1816 uides,
1026 1732 1104 1817 quid

86 1821 251 1904 sequatur.
274 1817 337 1882 diis
353 1817 605 1904 hominibusque
624 1820 842 1904 probantibus
860 1821 894 1887 in
913 1821 982 1887 eius
997 1820 1103 1887 locum

84 1907 247 1973 ascendes
284 1927 348 1990 quo
370 1906 452 1971 milri
470 1907 553 1972 nihil
571 1913 657 1974 esset
679 1908 832 1993 optatius.
868 1932 943 1975 nam
962 1909 1103 1995 speciem

84 1993 188 2060 habet
208 1994 425 2060 Bononiensis
451 1996 596 2061 condicio
623 1996 791 2083 maiorem,
816 2002 855 2063 ut
877 1998 909 2063 in
933 1998 1102 2083 gymnasio
1117 2018 1144 2059 ro

82 2080 199 2149 Italiae
220 2081 444 2166 celeberrim03
466 2083 675 2149 emolumenti
692 2090 779 2150 certe
797 2085 884 2151 haud
901 2085 1011 2169 paullo
1031 2084 1106 2169 plus

83 2171 183 2236 uideo
209 2170 265 2235 bic
288 2172 444 2238 futurum
491 2176 589 2255 atque
617 2171 715 2235 etiam
742 2172 782 2235 de
804 2172 963 2257 dignitate
985 2172 1105 2237 uidero,

86 2262 271 2324 tractantur
285 2261 418 2325 omnino
436 2259 565 2324 litterae
582 2258 784 2342 splendidius
803 2259 837 2323 in
855 2256 997 2341 publicis
1014 2279 1105 2342 gym-

85 2344 191 2412 nasiis
211 2350 246 2412 et
265 2347 400 2413 docetur
421 2347 461 2411 de
482 2347 554 2413 loco
576 2345 743 2431 superiore
761 2345 866 2411 uirtus
884 2344 1004 2411 maiore
1027 2366 1099 2409 cum

83 2433 200 2522 gloria
235 2435 293 2501 sed
304 2436 518 2502 clarissimum
531 2434 741 2502 Venetiamm
758 2456 874 2501 ncmcn
895 2432 986 2519 qnasi
1006 2432 1101 2499 lumi·
1115 2456 1142 2497 rr.

82 2523 184 2589 nibus
214 2523 358 2590 obsum
392 2523 578 2591 Italicarum
609 2525 753 2591 omnium
779 2523 949 2590 unitatum
981 2527 1014 2587 et
1050 2522 1102 2589 hic

85 2616 196 2679 orcum
221 2611 320 2678 decus
351 2612 447 2677 facilc
478 2618 587 2679 manat
619 2636 656 2679 sc
682 2613 873 2679 diffunditur
900 2634 959 2697 por
990 2634 1102 2677 crurum

85 2704 201 2784 gentes
231 2706 370 2785 propter
399 2700 497 2765 huius
527 2701 618 2767 urbis
653 2701 912 2767 communionem
943 2708 976 2763 et
1008 2700 1098 2783 crusni

84 2787 276 2853 societatem
296 2810 370 2854 cum
393 2789 473 2853 orbe
495 2802 653 2855 terronam
675 2789 836 2854 uniuerso,
874 2787 934 2853 llic
958 2786 1048 2851 uenit
1067 2784 1099 2849 iu

83 2882 244 2942 mentem:
269 2897 329 2941 cur
356 2884 394 2940 tu
426 2876 528 2953 initur
554 2877 697 2961 migras?
731 2875 796 2939 alis
823 2875 906 2939 ratio
936 2880 993 2937 cat.
1039 2894 1100 2957 crgo
1113 2896 1142 2937 ro

84 2964 203 3030 urbem
224 2964 349 3047 linqua
370 2950 527 3029 ncn‘cum
546 2964 628 3029 urbe
645 2962 906 3027 emolumentum,
942 2958 1019 3045 ‘puin
1039 2960 1101 3025 hcc

83 3072 189 3139 augeo
211 3052 430 3117 uehementer.
465 3052 555 3117 illam
577 3070 710 3135 prorsus
727 3048 876 3113 amittere
897 3068 961 3114 non
982 3046 1102 3131 uidem,

84 3142 161 3224 quia
184 3140 325 3205 Romam
352 3146 473 3223 specto.
522 3140 624 3204 habes
651 3159 754 3203 mmm
779 3136 985 3219 mantiam,
1013 3136 1098 3221 and

83 3228 216 3311 quidun
242 3227 285 3291 ad
306 3249 359 3292 mr.
380 3228 507 3293 cuim
551 3227 591 3291 tle
613 3223 748 3327 Sigania
768 3242 891 3310 wtcm,
919 3226 997 3311 quis
1017 3224 1098 3291 nibil

85 3324 135 3381 est
156 3324 229 3382 tam
250 3314 406 3399 amplum,
428 3314 514 3399 qual
537 3314 608 3381 eina
632 3330 735 3379 ornus
752 3336 816 3381 non
839 3322 965 3401 mpura,
987 3326 1142 3393 mmm

84 3410 122 3469 ut
144 3406 274 3489 opinor,
295 3402 527 3469 diuinarum
546 3402 654 3468 exitus
671 3424 736 3467 orsu
760 3400 859 3467 fallet
894 3400 956 3469 nisi
975 3399 1002 3465 ai
1022 3396 1099 3495 ‘guid

85 3492 235 3558 attulerit
257 3511 366 3575 mm,
391 3490 501 3575 riualis
527 3494 590 3559 len
612 3490 779 3557 brminum
801 3490 879 3556 uita
923 3488 963 3552 dc
985 3483 1099 3551 llclrur

137 3604 281 3647 the-'z'
294 3602 410 3653 qim-'u
424 3604 523 3647 mu
868 3596 887 3645 b
