2452 3862
141 165 184 231 66
398 164 498 219 XXXI.
522 163 618 220 Marco
636 162 759 220 Antonio
778 165 896 220 Murato.

140 327 244 394 nostri
267 325 465 412 ualetudine,
493 348 566 392 eum
588 327 750 413 rescribis,
771 327 852 392 adde
874 327 1032 416 uerbum,
1062 331 1092 397 si
1117 354 1169 398 me

141 437 237 482 amas.
274 413 363 479 Vale.
399 414 560 502 Venetiis‚
582 415 677 482 nonis
695 414 798 503 Sept,
821 438 884 502 quo
906 439 960 483 me
984 415 1041 483 die
1068 419 1170 486 disce

142 507 216 569 dere
239 502 436 589 cogitantem
458 526 544 569 noua
566 526 617 570 res
640 504 787 570 detinuit.
825 503 1039 592 [MDLVHI]

543 733 756 742 ..—-.-.

589 925 705 992 XXXI.

118 1069 148 1148 s'
208 1069 335 1134 Marco
357 1065 530 1133 Antonio
553 1066 707 1135 Mureto
730 1066 934 1134 Patauium
959 1076 1022 1148 (111,
1039 1079 1098 1183 aa),

235 1209 440 1275 Laborabam
470 1208 679 1274 uehementer
712 1209 750 1273 de
783 1207 885 1273 amieo
917 1214 1047 1276 nostro:
1078 1234 1168 1279 nuno

147 1299 290 1366 animum
322 1320 430 1363 meum
462 1296 632 1362 constituit
662 1296 771 1382 aliquo
807 1295 984 1384 interdum,
1016 1303 1058 1364 nt
1088 1323 1167 1368 uere

148 1390 260 1474 dicam,
278 1391 367 1452 metu
385 1387 595 1451 fluctuantem
614 1385 752 1470 epistola
769 1389 834 1450 tua.
866 1389 964 1469 atque
983 1387 1167 1456 admotum

148 1477 320 1543 accedebat
352 1475 541 1560 indignatio.
580 1474 679 1559 quid?
716 1473 831 1539 uirtuti
861 1495 903 1538 ne
935 1474 1042 1541 deerit
1075 1500 1167 1544 orna·

109 1589 134 1628 11
147 1571 292 1631 mentum
314 1567 372 1629 aut
395 1563 492 1627 etiam
514 1563 613 1647 locus,
636 1562 693 1626 ubi
721 1562 898 1628 consistat?
933 1567 1028 1628 tanta
1051 1588 1095 1631 ne
1120 1572 1168 1632 est

147 1659 332 1737 temporum
359 1650 514 1733 iniquitas
542 1655 575 1714 11
602 1651 769 1715 hominum
796 1650 831 1715 in
858 1650 925 1716 suis
953 1652 1052 1718 bonis
1075 1655 1166 1741 igno·

147 1741 252 1806 ratio?
278 1741 357 1803 11110
380 1759 441 1824 ego
461 1737 652 1822 quandoque
670 1761 804 1804 meeum.
839 1759 925 1803 nuno
947 1762 1073 1807 uacuus
1091 1764 1167 1808 cura

147 1828 212 1892 iam
241 1847 312 1892 sum
343 1829 376 1889 11
405 1847 445 1889 ex
473 1847 525 1909 1ο,
553 1826 639 1908 quod
671 1827 850 1914 significas,
878 1831 915 1891 ut
941 1827 977 1893 in
1010 1836 1168 1916 exoptata

148 1916 286 1997 fortuna,
313 1912 488 1998 triumpho.
534 1913 633 1979 uelim
656 1914 758 2002 igitur
785 1915 815 1980 ei
832 1937 904 1980 meo
930 1917 1065 1983 nomine
1096 1942 1167 2006 gra·

108 2024 134 2066 11
148 2001 269 2069 tuleris.
315 2002 401 2066 Tuos
424 2023 545 2089 uersus,
567 2007 624 2067 tua
646 2005 749 2068 fretus
772 2003 982 2089 humanitate,
1003 2005 1071 2072 iam
1095 2031 1168 2093 pro·

148 2091 306 2157 miseram.
344 2113 400 2154 eos
419 2093 614 2176 exspectabo
633 2092 776 2175 minima,
800 2093 827 2157 si
841 2092 911 2157 fieri
930 2097 1051 2180 potest,
1069 2095 1168 2163 inter-

147 2179 255 2266 posita
278 2202 375 2245 mora.
420 2185 539 2246 necta
562 2181 660 2246 uelim
678 2203 729 2246 me
749 2181 900 2246 diuturna
923 2185 1168 2267 exspectatione

145 2271 253 2337 ducas.
298 2268 359 2334 1111
386 2269 427 2333 ad
448 2269 538 2353 illos,
567 2271 622 2354 qui
648 2275 681 2335 te
707 2291 872 2355 nunquam
894 2275 1059 2357 amarunt,
1088 2297 1170 2358 quos

147 2360 231 2424 male
260 2359 323 2424 1011
351 2358 461 2422 audire
489 2380 547 2423 suo
575 2360 704 2443 merito,
737 2381 793 2424 cur
824 2380 890 2422 non
921 2360 1101 2427 transferas
1130 2363 1170 2428 ad

108 2467 135 2507 1ο
149 2447 251 2510 alios?
289 2445 437 2528 equidem
464 2445 591 2509 suadeo.
642 2447 728 2530 quod
755 2448 783 2512 si
814 2452 958 2512 tenerem
989 2449 1169 2535 ὑπόθεσιν,

148 2533 243 2597 facile
267 2532 414 2615 dicerem,
437 2531 478 2595 ad
501 2553 605 2614 quem.
650 2556 702 2598 me
725 2557 744 2598 a
766 2535 893 2601 lusibus
919 2533 975 2601 καὶ
998 2536 1066 2604 ἀπὸ
1090 2541 1169 2607 πάν-

148 2644 217 2685 των
242 2629 311 2684 τῶν
345 2618 511 2704 ἐρωτικῶν
543 2619 640 2702 plane
666 2629 797 2688 reuocat
825 2646 891 2688 non
915 2624 1021 2689 solum
1052 2633 1170 2694 natura

148 2729 229 2793 mea,
247 2708 304 2772 sed
321 2711 410 2772 aetas
429 2707 526 2772 etiam
545 2711 705 2775 senectuti
722 2712 865 2797 propior.
902 2711 1022 2798 itaque,
1042 2716 1072 2780 si
1092 2717 1170 2801 quid

149 2798 190 2862 ad
212 2821 263 2862 me
287 2797 423 2881 scribes,
450 2819 589 2883 remoue,
613 2800 728 2864 amabo
751 2805 798 2885 te,
822 2801 942 2888 omnia,
967 2822 1050 2884 quae
1073 2804 1169 2870 Plato

110 2905 136 2948 25
151 2887 303 2953 dilexisse
327 2886 468 2972 uidetur,
497 2886 685 2973 ἀφροδίσια.
731 2887 906 2975 intelligia,
929 2890 1062 2978 opinor,
1092 2893 1171 2977 quid

150 2976 343 3061 significem,
372 2980 405 3040 et
439 2976 525 3060 quod
553 2976 714 3062 significo,
746 2980 857 3060 petere
884 3000 935 3041 me
968 2978 1022 3042 uel
1051 3001 1170 3065 cupere

151 3065 258 3147 etiam,
281 3065 309 3127 si
332 3087 383 3129 me
407 3068 504 3148 putas
527 3064 693 3151 ingenium
716 3069 809 3129 tuum
827 3087 931 3151 110111,
955 3066 1171 3134 existimabis,

150 3149 200 3213 De
233 3150 460 3217 beneuolentia
486 3157 543 3217 tua
575 3154 636 3218 etsi
668 3174 843 3237 numquam
873 3153 1034 3241 dubitaui,
1064 3179 1105 3220 ex
1139 3163 1171 3222 te

150 3241 260 3301 tamen
282 3238 355 3320 ipso
379 3261 429 3326 ea,
453 3261 534 3324 quae
557 3245 650 3328 opto,
676 3241 891 3307 libentissime
918 3242 1022 3309 audio.
1060 3267 1172 3329 quam·

111 3350 138 3389 eo
152 3347 249 3410 quam
276 3325 317 3389 ad
344 3328 487 3392 studium
502 3327 549 3402 in
576 3333 609 3394 te
636 3351 744 3394 meum
770 3330 854 3395 nihil
880 3330 969 3396 addit
996 3334 1098 3397 studii
1123 3335 1172 3400 tui

150 3415 420 3481 commemoratio.
465 3437 532 3480 non
554 3418 640 3482 1111111
662 3424 696 3483 11
719 3440 824 3483 amare
847 3419 949 3504 coepi,
972 3425 1009 3485 ut
1027 3421 1100 3505 ipse
1119 3444 1172 3487 me

150 3527 288 3590 11111111,
318 3504 374 3569 sed
403 3505 489 3591 quod
516 3507 686 3572 amabilem
715 3507 823 3591 ipsum
851 3530 920 3573 esse
948 3508 1026 3574 duxi
1056 3511 1173 3576 multis
