2452 3862
306 189 430 246 XXXIII.
453 187 497 245 Aa
516 188 686 246 Michaelem
706 189 886 247 Ghislerium.
1056 191 1098 256 69

82 375 195 419 omnes
217 351 406 439 intelligunt
429 357 462 417 et
480 351 553 418 aliis
571 351 634 417 alia
655 353 845 437 probantur.
883 374 944 438 ego
964 353 1100 417 formam

82 447 117 507 et
140 442 319 528 artificium,
342 463 408 507 non
430 440 598 507 materiam
621 441 718 525 cupio
742 462 854 506 emere.
890 440 940 505 De
963 440 1028 505 tuis
1051 439 1101 505 In-

82 531 151 596 stit.
183 531 236 617 egi
263 530 450 616 diligenter:
482 529 630 595 hortatus
657 551 729 594 sum
764 527 858 594 lucri
876 528 1010 594 maximi
1042 551 1100 613 spe

82 619 261 703 proposita.
307 619 365 684 ubi
393 618 433 682 ad
456 618 597 703 pretium
620 621 754 683 uentum
777 621 836 705 est,
858 618 968 682 audire
992 639 1025 682 se
1048 639 1101 682 ne-

85 712 212 793 garunt.
248 707 359 792 itaque
377 706 441 771 tibi
459 710 571 772 auctor
589 727 660 772 sum
679 728 752 773 curn
770 706 811 772 iis
830 706 1000 793 transigas,
1019 727 1100 790 quos
1127 726 1141 768 a

83 795 195 860 faciles
222 795 287 861 iarn
313 795 459 861 habuisti
488 799 520 860 et
548 795 662 861 intuo
685 795 802 860 merito
825 795 913 882 satis,
936 799 973 860 ut
997 795 1100 879 audio,

83 883 244 950 liberales.
290 883 378 949 Vale.
402 882 549 949 Venetiis
572 883 781 970 [MDLVIII].

522 1323 668 1388 XXXIII.

179 1463 236 1529 Ad
258 1462 486 1529 Michaclem
509 1460 746 1529 (ihislerium
769 1461 1009 1528 cardinalem

88 1570 124 1634 in
141 1570 263 1635 librum
282 1567 320 1633 de
338 1567 502 1634 locutione
520 1567 583 1633 Dei
596 1567 788 1634 Academiae
801 1568 945 1634 Venetae
962 1567 1101 1633 nomine.
1116 1558 1143 1637 1'0

487 1671 588 1742 (Praef.
603 1671 705 1742 XXIII

174 1800 296 1865 Rerum
317 1798 530 1864 humanarum
553 1797 670 1884 exitus,
694 1821 791 1885 quam
809 1797 899 1863 uaria
917 1798 982 1864 sint
1000 1797 1103 1864 homi-

84 1909 162 1953 num
195 1887 343 1973 consilia,
376 1887 546 1952 declarant.
594 1887 734 1972 quodsi
763 1887 835 1972 quis
863 1887 945 1953 bene
969 1887 1102 1974 cogitat,

85 1976 241 2061 sequitur,
264 1981 300 2041 ut
323 1975 409 2039 idem
425 1974 632 2040 laudabiliter
649 1980 734 2062 agat.
776 1979 862 2041 recte
881 1980 989 2042 autem
1007 1998 1102 2062 agen·

86 2068 155 2128 tem
186 2063 269 2126 nihil
296 2084 449 2146 umquam
480 2063 704 2149 frustrabitur,
735 2063 819 2127 nihil
856 2063 955 2129 fallet.
1000 2064 1102 2129 Decet
1117 2090 1142 2131 1⁵

85 2151 190 2237 igitur
211 2172 271 2215 nos
294 2150 419 2233 optima
441 2171 499 2233 spe
521 2149 584 2214 niti
607 2150 840 2234 admodumque
858 2152 965 2236 firma,¹
983 2152 1103 2235 quibus

79 2241 123 2323 ¹in
147 2237 324 2326 condenda⁸
337 2240 435 2321 atque
462 2236 660 2302 instituenda
682 2234 855 2301 Academia
881 2242 993 2302 nostra
1020 2239 1104 2302 nihil

87 2330 218 2412 praeter
234 2325 296 2391 Dei
314 2324 453 2410 gloriam
472 2328 505 2390 et
523 2345 725 2390 communem
742 2324 910 2389 hominum
928 2324 1103 2390 utilitatem

86 2415 293 2502 propositum
311 2413 382 2479 fuit.
418 2412 533 2499 Neque
552 2435 629 2478 uero
652 2412 795 2479 actiones
812 2416 951 2498 nostrae,
974 2419 1011 2479 ut
1034 2436 1104 2498 spe-

87 2526 208 2590 ramuS,
239 2501 396 2569 eiusmodi
424 2507 532 2588 erunt,
563 2505 599 2566 ut
626 2502 708 2567 hanc
735 2501 777 2566 ad
799 2501 939 2586 optimas
961 2525 1013 2568 res
1036 2503 1101 2568 ani-
1117 2530 1144 2570 ao

87 2615 215 2657 morum
232 2597 417 2658 nostrorum
435 2590 685 2675 propensionem
702 2590 855 2678 ambigue
870 2590 988 2676 aliquis
1005 2591 1104 2657 inter-

89 2680 211 2765 pretari
243 2684 299 2745 aut
333 2680 367 2744 in
396 2679 531 2743 dubium
560 2701 709 2745 reuocare
741 2679 855 2764 possit.
904 2685 1104 2764 apparantur

89 2768 235 2853 quotidie
258 2790 383 2833 summa
409 2789 485 2832 cura
513 2771 546 2831 et
573 2767 707 2833 edentur
734 2789 753 2831 a
779 2767 876 2832 nobis
900 2767 1009 2832 diuina
1032 2767 1105 2832 doc·

88 2857 176 2922 trina
189 2856 309 2943 referti,
328 2855 384 2941 qui
398 2855 554 2940 pietatem
572 2877 609 2920 ac
626 2855 817 2941 religionem
836 2855 1103 2942 complectuntur,

88 3047 209 3103 miseris.
238 3046 325 3102 aliam
341 3045 481 3102 rationem
499 3044 594 3115 inibis,
612 3044 755 3116 taboram,
774 3047 807 3100 ut
825 3061 915 3116 spero,
933 3043 1005 3100 mihi
1018 3049 1103 3118 certe,

90 3134 284 3187 quaecumque
311 3116 373 3186 erit,
399 3116 561 3186 gratIorem.
587 3147 621 3157 -
649 3117 762 3170 b‘cum
787 3115 823 3171 Iis
849 3115 938 3171 transi
959 3119 1013 3186 as’,
1040 3136 1103 3174 cum

89 3188 243 3258 Episcopio
261 3187 412 3257 transigas.
428 3193 492 3241 -I
549 3187 576 3242 st
595 3185 750 3242 ‘liberales'
770 3184 801 3241 in
819 3205 860 3258 pr.
879 3185 923 3244 ed.
939 3133 1103 3260 iegcbatur:

91 3259 247 3314 Sturmium
265 3258 359 3313 saluta
376 3257 447 3313 meis
466 3274 517 3313 ner
537 3257 561 3312 is
581 3273 699 3327 cumque
718 3256 859 3314 communi
876 3257 1036 3316 Iltterarum
1054 3276 1104 3314 no·

90 3331 167 3385 mine
192 3329 286 3386 excita
309 3329 346 3383 ad
365 3328 553 3386 scribendum.
588 3327 707 3396 utinam,
726 3331 863 3412 quantum
881 3330 972 3400 ualet,
990 3332 1104 3385 tantum

90 3400 171 3455 uelit.
209 3400 315 3470 optime
331 3400 525 3456 consuleretur
538 3398 640 3454 studiis
654 3401 766 3470 nostris,
786 3401 891 3471 optime
911 3401 997 3456 etiam
1014 3399 1104 3469 ipsius

90 3471 207 3595 glortiae.
245 3487 331 3540 quam
349 3470 374 3526 si
392 3471 455 3526 uult
478 3486 539 3525 csse
558 3469 776 3541 amplissimam,
795 3471 895 3539 habet,
914 3470 988 3524 unde
1008 3483 1104 3523 conse-

90 3556 148 3609 qua
164 3559 202 3597 ur.
581 3578 584 3583 ·
