<?xml version="1.0" encoding="UTF-8"?>
<!DOCTYPE html PUBLIC "-//W3C//DTD XHTML 1.0 Transitional//EN"
    "http://www.w3.org/TR/xhtml1/DTD/xhtml1-transitional.dtd">
<html xmlns="http://www.w3.org/1999/xhtml" xml:lang="en" lang="en">
 <head>
  <title>
</title>
<meta http-equiv="Content-Type" content="text/html;charset=utf-8" />
  <meta name='ocr-system' content='tesseract 3.04.00' />
  <meta name='ocr-capabilities' content='ocr_page ocr_carea ocr_par ocr_line ocrx_word'/>
</head>
<body>
  <div class='ocr_page' id='page_1' title='image "./paulimanutiiepi01fickgoog_0151.png"; bbox 0 0 2452 3862; ppageno 0'>
   <div class='ocr_carea' id='block_1_1' title="bbox 166 185 842 255">
    <p class='ocr_par' dir='ltr' id='par_1_1' title="bbox 166 185 842 255">
     <span class='ocr_line' id='line_1_1' title="bbox 166 185 842 255; baseline -0.001 -13"><span class='ocrx_word' id='word_1_1' title='bbox 166 189 230 255; x_wconf 83' lang='lat'>138</span> <span class='ocrx_word' id='word_1_2' title='bbox 494 188 576 246; x_wconf 86' lang='lat' dir='ltr'><strong>XLV.</strong></span> <span class='ocrx_word' id='word_1_3' title='bbox 599 185 700 243; x_wconf 86' lang='lat' dir='ltr'>Ioanni</span> <span class='ocrx_word' id='word_1_4' title='bbox 717 186 842 242; x_wconf 83' lang='lat' dir='ltr'>Morono.</span> 
     </span>
    </p>
   </div>
   <div class='ocr_carea' id='block_1_2' title="bbox 120 348 1193 3626">
    <p class='ocr_par' dir='ltr' id='par_1_2' title="bbox 120 348 1193 3626">
     <span class='ocr_line' id='line_1_2' title="bbox 164 348 1193 438; baseline -0.001 -20.978"><span class='ocrx_word' id='word_1_5' title='bbox 164 350 433 438; x_wconf 83' lang='lat' dir='ltr'><strong>quemadmodum</strong></span> <span class='ocrx_word' id='word_1_6' title='bbox 455 354 513 415; x_wconf 93' lang='lat' dir='ltr'>nat</span> <span class='ocrx_word' id='word_1_7' title='bbox 514 372 571 415; x_wconf 88' lang='lat' dir='ltr'>ura</span> <span class='ocrx_word' id='word_1_8' title='bbox 593 371 665 414; x_wconf 90' lang='lat' dir='ltr'>mea</span> <span class='ocrx_word' id='word_1_9' title='bbox 689 349 753 413; x_wconf 85' lang='lat' dir='ltr'>fert</span> <span class='ocrx_word' id='word_1_10' title='bbox 774 370 834 413; x_wconf 90' lang='lat' dir='ltr'>neo</span> <span class='ocrx_word' id='word_1_11' title='bbox 857 348 951 413; x_wconf 93' lang='lat' dir='ltr'>bonit</span> <span class='ocrx_word' id='word_1_12' title='bbox 937 353 990 413; x_wconf 87' lang='lat' dir='ltr'>tas</span> <span class='ocrx_word' id='word_1_13' title='bbox 1013 352 1078 413; x_wconf 87' lang='lat' dir='ltr'>tua</span> <span class='ocrx_word' id='word_1_14' title='bbox 1102 372 1193 416; x_wconf 89' lang='lat' dir='ltr'>reeu-</span> 
     </span>
     <span class='ocr_line' id='line_1_3' title="bbox 163 437 1191 524; baseline 0 -19"><span class='ocrx_word' id='word_1_15' title='bbox 163 446 222 524; x_wconf 88' lang='lat' dir='ltr'>sat,</span> <span class='ocrx_word' id='word_1_16' title='bbox 245 463 285 504; x_wconf 83' lang='lat' dir='ltr'>ex</span> <span class='ocrx_word' id='word_1_17' title='bbox 308 440 375 502; x_wconf 90' lang='lat' dir='ltr'>alta</span> <span class='ocrx_word' id='word_1_18' title='bbox 340 439 536 523; x_wconf 91' lang='lat' dir='ltr'>tquadam</span> <span class='ocrx_word' id='word_1_19' title='bbox 559 461 617 523; x_wconf 91' lang='lat' dir='ltr'>spe</span> <span class='ocrx_word' id='word_1_20' title='bbox 640 438 792 502; x_wconf 88' lang='lat' dir='ltr'>turbatus</span> <span class='ocrx_word' id='word_1_21' title='bbox 810 437 951 502; x_wconf 74' lang='lat' dir='ltr'>concidit</span> <span class='ocrx_word' id='word_1_22' title='bbox 974 438 1191 523; x_wconf 87' lang='lat' dir='ltr'>afflictusque</span> 
     </span>
     <span class='ocr_line' id='line_1_4' title="bbox 162 525 1189 610; baseline 0 -17"><span class='ocrx_word' id='word_1_23' title='bbox 162 531 246 594; x_wconf 87' lang='lat' dir='ltr'>iacet</span> <span class='ocrx_word' id='word_1_24' title='bbox 264 528 403 592; x_wconf 89' lang='lat' dir='ltr'>animus</span> <span class='ocrx_word' id='word_1_25' title='bbox 412 549 511 592; x_wconf 90' lang='lat' dir='ltr'>meus.</span> <span class='ocrx_word' id='word_1_26' title='bbox 557 526 754 610; x_wconf 87' lang='lat' dir='ltr'>equidem&#39;&#39;</span> <span class='ocrx_word' id='word_1_27' title='bbox 733 548 774 590; x_wconf 90' lang='lat' dir='ltr'>ns</span> <span class='ocrx_word' id='word_1_28' title='bbox 797 525 1026 591; x_wconf 79' lang='lat' dir='ltr'>Oardinalibus</span> <span class='ocrx_word' id='word_1_29' title='bbox 1055 531 1189 593; x_wconf 86' lang='lat' dir='ltr'>tantum</span> 
     </span>
     <span class='ocr_line' id='line_1_5' title="bbox 160 614 1188 701; baseline 0.001 -19"><span class='ocrx_word' id='word_1_30' title='bbox 160 618 281 701; x_wconf 90' lang='lat' dir='ltr'>tribuo,</span> <span class='ocrx_word' id='word_1_31' title='bbox 295 621 453 701; x_wconf 91' lang='lat' dir='ltr'>quantum</span> <span class='ocrx_word' id='word_1_32' title='bbox 466 637 577 681; x_wconf 88' lang='lat' dir='ltr'>eorum</span> <span class='ocrx_word' id='word_1_33' title='bbox 590 635 716 680; x_wconf 90' lang='lat' dir='ltr'>summa</span> <span class='ocrx_word' id='word_1_34' title='bbox 729 614 834 680; x_wconf 85' lang='lat' dir='ltr'>uirtus</span> <span class='ocrx_word' id='word_1_35' title='bbox 851 636 888 680; x_wconf 92' lang='lat' dir='ltr'>ac</span> <span class='ocrx_word' id='word_1_36' title='bbox 907 615 1055 701; x_wconf 87' lang='lat' dir='ltr'>dignitas</span> <span class='ocrx_word' id='word_1_37' title='bbox 1076 622 1188 700; x_wconf 90' lang='lat' dir='ltr'>postu-</span> 
     </span>
     <span class='ocr_line' id='line_1_6' title="bbox 136 703 1187 790; baseline 0.001 -20"><span class='ocrx_word' id='word_1_38' title='bbox 136 706 222 770; x_wconf 76' lang='lat' dir='ltr'>slat:</span> <span class='ocrx_word' id='word_1_39' title='bbox 246 727 347 790; x_wconf 88' lang='lat' dir='ltr'>aeque</span> <span class='ocrx_word' id='word_1_40' title='bbox 371 727 482 770; x_wconf 89' lang='lat' dir='ltr'>omnes</span> <span class='ocrx_word' id='word_1_41' title='bbox 505 704 616 790; x_wconf 84' lang='lat' dir='ltr'>diligo,</span> <span class='ocrx_word' id='word_1_42' title='bbox 638 725 740 787; x_wconf 90' lang='lat' dir='ltr'>aeque</span> <span class='ocrx_word' id='word_1_43' title='bbox 758 703 838 768; x_wconf 78' lang='lat' dir='ltr'>colo,</span> <span class='ocrx_word' id='word_1_44' title='bbox 883 703 940 768; x_wconf 89' lang='lat' dir='ltr'>sed</span> <span class='ocrx_word' id='word_1_45' title='bbox 958 703 1001 767; x_wconf 92' lang='lat' dir='ltr'>ad</span> <span class='ocrx_word' id='word_1_46' title='bbox 1021 727 1083 770; x_wconf 91' lang='lat' dir='ltr'>eos</span> <span class='ocrx_word' id='word_1_47' title='bbox 1103 710 1187 770; x_wconf 85' lang='lat' dir='ltr'>certo</span> 
     </span>
     <span class='ocr_line' id='line_1_7' title="bbox 162 792 1185 879; baseline 0 -20"><span class='ocrx_word' id='word_1_48' title='bbox 162 794 285 859; x_wconf 94' lang='lat' dir='ltr'>nullam</span> <span class='ocrx_word' id='word_1_49' title='bbox 308 794 449 859; x_wconf 77' lang='lat' dir='ltr'>arbitror</span> <span class='ocrx_word' id='word_1_50' title='bbox 471 792 595 879; x_wconf 86' lang='lat' dir='ltr'>negotii</span> <span class='ocrx_word' id='word_1_51' title='bbox 618 792 682 857; x_wconf 90' lang='lat' dir='ltr'>mei</span> <span class='ocrx_word' id='word_1_52' title='bbox 705 795 832 876; x_wconf 89' lang='lat' dir='ltr'>partem</span> <span class='ocrx_word' id='word_1_53' title='bbox 854 792 1003 857; x_wconf 72' lang='lat' dir='ltr'>attinere.</span> <span class='ocrx_word' id='word_1_54' title='bbox 1051 792 1088 857; x_wconf 84' lang='lat' dir='ltr'>A</span> <span class='ocrx_word' id='word_1_55' title='bbox 1107 794 1185 859; x_wconf 95' lang='lat' dir='ltr'>Pon·</span> 
     </span>
     <span class='ocr_line' id='line_1_8' title="bbox 162 880 1183 966; baseline -0.001 -18"><span class='ocrx_word' id='word_1_56' title='bbox 162 884 249 948; x_wconf 89' lang='lat' dir='ltr'>tifice</span> <span class='ocrx_word' id='word_1_57' title='bbox 278 905 349 947; x_wconf 89' lang='lat' dir='ltr'>sum</span> <span class='ocrx_word' id='word_1_58' title='bbox 376 882 514 947; x_wconf 84' lang='lat' dir='ltr'><strong>Romam</strong></span> <span class='ocrx_word' id='word_1_59' title='bbox 541 881 726 966; x_wconf 86' lang='lat' dir='ltr'>arcessitus,</span> <span class='ocrx_word' id='word_1_60' title='bbox 758 904 777 946; x_wconf 93' lang='lat' dir='ltr'>a</span> <span class='ocrx_word' id='word_1_61' title='bbox 803 881 961 946; x_wconf 89' lang='lat' dir='ltr'>Pontifioe</span> <span class='ocrx_word' id='word_1_62' title='bbox 997 880 1183 947; x_wconf 88' lang='lat' dir='ltr'>discedendi</span> 
     </span>
     <span class='ocr_line' id='line_1_9' title="bbox 162 969 1183 1055; baseline -0.001 -18"><span class='ocrx_word' id='word_1_63' title='bbox 162 973 349 1037; x_wconf 83' lang='lat' dir='ltr'>facultatem</span> <span class='ocrx_word' id='word_1_64' title='bbox 372 975 457 1055; x_wconf 91' lang='lat' dir='ltr'>peto.</span> <span class='ocrx_word' id='word_1_65' title='bbox 495 970 522 1034; x_wconf 88' lang='lat' dir='ltr'>si</span> <span class='ocrx_word' id='word_1_66' title='bbox 542 973 688 1054; x_wconf 89' lang='lat' dir='ltr'>potestas</span> <span class='ocrx_word' id='word_1_67' title='bbox 711 969 888 1053; x_wconf 86' lang='lat' dir='ltr'>quaeritur:</span> <span class='ocrx_word' id='word_1_68' title='bbox 910 969 1009 1034; x_wconf 88' lang='lat' dir='ltr'>unius</span> <span class='ocrx_word' id='word_1_69' title='bbox 1029 975 1086 1036; x_wconf 84' lang='lat' dir='ltr'>est</span> <span class='ocrx_word' id='word_1_70' title='bbox 1106 993 1183 1036; x_wconf 91' lang='lat' dir='ltr'>sum·</span> 
     </span>
     <span class='ocr_line' id='line_1_10' title="bbox 162 1057 1181 1144; baseline -0.002 -20"><span class='ocrx_word' id='word_1_71' title='bbox 162 1083 227 1144; x_wconf 69' lang='lat' dir='ltr'>ma,</span> <span class='ocrx_word' id='word_1_72' title='bbox 251 1060 279 1124; x_wconf 87' lang='lat' dir='ltr'>si</span> <span class='ocrx_word' id='word_1_73' title='bbox 296 1059 491 1124; x_wconf 88' lang='lat' dir='ltr'>liberalitas:</span> <span class='ocrx_word' id='word_1_74' title='bbox 509 1080 592 1123; x_wconf 88' lang='lat' dir='ltr'>unus</span> <span class='ocrx_word' id='word_1_75' title='bbox 611 1058 706 1123; x_wconf 89' lang='lat' dir='ltr'>unico</span> <span class='ocrx_word' id='word_1_76' title='bbox 724 1059 826 1123; x_wconf 89' lang='lat' dir='ltr'>uerbo</span> <span class='ocrx_word' id='word_1_77' title='bbox 844 1057 1021 1143; x_wconf 91' lang='lat' dir='ltr'>pollicetur</span> <span class='ocrx_word' id='word_1_78' title='bbox 1041 1064 1079 1123; x_wconf 90' lang='lat' dir='ltr'>et</span> <span class='ocrx_word' id='word_1_79' title='bbox 1098 1081 1181 1144; x_wconf 81' lang='lat' dir='ltr'>prae</span> 
     </span>
     <span class='ocr_line' id='line_1_11' title="bbox 122 1147 1180 1233; baseline 0.001 -21"><span class='ocrx_word' id='word_1_80' title='bbox 122 1173 149 1213; x_wconf 81' lang='lat' dir='ltr'>ro</span> <span class='ocrx_word' id='word_1_81' title='bbox 163 1152 240 1232; x_wconf 82' lang='lat' dir='ltr'>stat3</span> <span class='ocrx_word' id='word_1_82' title='bbox 268 1147 295 1211; x_wconf 87' lang='lat' dir='ltr'>si</span> <span class='ocrx_word' id='word_1_83' title='bbox 324 1147 479 1233; x_wconf 83' lang='lat' dir='ltr'>dignitas:</span> <span class='ocrx_word' id='word_1_84' title='bbox 512 1169 593 1230; x_wconf 92' lang='lat' dir='ltr'>quae</span> <span class='ocrx_word' id='word_1_85' title='bbox 620 1147 724 1211; x_wconf 92' lang='lat' dir='ltr'>maior</span> <span class='ocrx_word' id='word_1_86' title='bbox 753 1151 816 1231; x_wconf 86' lang='lat' dir='ltr'>est,</span> <span class='ocrx_word' id='word_1_87' title='bbox 849 1168 946 1231; x_wconf 89' lang='lat' dir='ltr'>quam</span> <span class='ocrx_word' id='word_1_88' title='bbox 974 1169 994 1211; x_wconf 88' lang='lat' dir='ltr'>a</span> <span class='ocrx_word' id='word_1_89' title='bbox 1021 1147 1180 1213; x_wconf 89' lang='lat' dir='ltr'>Pontifice</span> 
     </span>
     <span class='ocr_line' id='line_1_12' title="bbox 162 1235 1179 1323; baseline -0.001 -22"><span class='ocrx_word' id='word_1_90' title='bbox 162 1240 313 1301; x_wconf 88' lang='lat' dir='ltr'>uocatum</span> <span class='ocrx_word' id='word_1_91' title='bbox 338 1258 416 1323; x_wconf 88' lang='lat' dir='ltr'>esse,</span> <span class='ocrx_word' id='word_1_92' title='bbox 438 1259 457 1300; x_wconf 92' lang='lat' dir='ltr'>a</span> <span class='ocrx_word' id='word_1_93' title='bbox 475 1235 632 1300; x_wconf 91' lang='lat' dir='ltr'>Pontifice</span> <span class='ocrx_word' id='word_1_94' title='bbox 652 1257 725 1300; x_wconf 92' lang='lat' dir='ltr'>oum</span> <span class='ocrx_word' id='word_1_95' title='bbox 743 1235 901 1321; x_wconf 86' lang='lat' dir='ltr'>dignitate</span> <span class='ocrx_word' id='word_1_96' title='bbox 921 1236 1073 1303; x_wconf 79' lang='lat' dir='ltr'>dimitti?</span> <span class='ocrx_word' id='word_1_97' title='bbox 1096 1238 1179 1302; x_wconf 88' lang='lat' dir='ltr'>Haec</span> 
     </span>
     <span class='ocr_line' id='line_1_13' title="bbox 162 1324 1179 1410; baseline -0.002 -20"><span class='ocrx_word' id='word_1_98' title='bbox 162 1348 233 1390; x_wconf 91' lang='lat' dir='ltr'>mea</span> <span class='ocrx_word' id='word_1_99' title='bbox 252 1325 386 1391; x_wconf 88' lang='lat' dir='ltr'>consilia</span> <span class='ocrx_word' id='word_1_100' title='bbox 404 1330 488 1390; x_wconf 86' lang='lat' dir='ltr'>sunt.</span> <span class='ocrx_word' id='word_1_101' title='bbox 526 1324 645 1408; x_wconf 87' lang='lat' dir='ltr'>quibus</span> <span class='ocrx_word' id='word_1_102' title='bbox 664 1328 782 1407; x_wconf 93' lang='lat' dir='ltr'>tamen,</span> <span class='ocrx_word' id='word_1_103' title='bbox 800 1329 837 1389; x_wconf 93' lang='lat' dir='ltr'>ut</span> <span class='ocrx_word' id='word_1_104' title='bbox 852 1325 962 1410; x_wconf 91' lang='lat' dir='ltr'>debeo,</span> <span class='ocrx_word' id='word_1_105' title='bbox 982 1330 1179 1410; x_wconf 88' lang='lat' dir='ltr'>anteponam</span> 
     </span>
     <span class='ocr_line' id='line_1_14' title="bbox 161 1412 1178 1500; baseline -0.003 -21"><span class='ocrx_word' id='word_1_106' title='bbox 161 1420 226 1479; x_wconf 88' lang='lat' dir='ltr'>tua.</span> <span class='ocrx_word' id='word_1_107' title='bbox 273 1414 352 1479; x_wconf 86' lang='lat' dir='ltr'>satis</span> <span class='ocrx_word' id='word_1_108' title='bbox 376 1414 461 1479; x_wconf 90' lang='lat' dir='ltr'>enim</span> <span class='ocrx_word' id='word_1_109' title='bbox 485 1413 689 1497; x_wconf 87' lang='lat' dir='ltr'>exploratum</span> <span class='ocrx_word' id='word_1_110' title='bbox 711 1413 816 1477; x_wconf 92' lang='lat' dir='ltr'>habeo</span> <span class='ocrx_word' id='word_1_111' title='bbox 846 1412 929 1477; x_wconf 91' lang='lat' dir='ltr'>nihil</span> <span class='ocrx_word' id='word_1_112' title='bbox 955 1417 991 1477; x_wconf 90' lang='lat' dir='ltr'>te</span> <span class='ocrx_word' id='word_1_113' title='bbox 1019 1415 1178 1500; x_wconf 84' lang='lat' dir='ltr'>cogitasse</span> 
     </span>
     <span class='ocr_line' id='line_1_15' title="bbox 163 1501 1178 1587; baseline -0.002 -19"><span class='ocrx_word' id='word_1_114' title='bbox 163 1504 231 1568; x_wconf 86' lang='lat' dir='ltr'>sine</span> <span class='ocrx_word' id='word_1_115' title='bbox 260 1525 385 1568; x_wconf 86' lang='lat' dir='ltr'>summa</span> <span class='ocrx_word' id='word_1_116' title='bbox 412 1503 550 1587; x_wconf 90' lang='lat' dir='ltr'>ratione,</span> <span class='ocrx_word' id='word_1_117' title='bbox 577 1501 661 1565; x_wconf 90' lang='lat' dir='ltr'>nihil</span> <span class='ocrx_word' id='word_1_118' title='bbox 687 1506 835 1566; x_wconf 89' lang='lat' dir='ltr'>acturum</span> <span class='ocrx_word' id='word_1_119' title='bbox 862 1501 931 1566; x_wconf 90' lang='lat' dir='ltr'>sine</span> <span class='ocrx_word' id='word_1_120' title='bbox 954 1522 1087 1566; x_wconf 89' lang='lat' dir='ltr'>summa</span> <span class='ocrx_word' id='word_1_121' title='bbox 1109 1523 1178 1586; x_wconf 89' lang='lat' dir='ltr'>pru·</span> 
     </span>
     <span class='ocr_line' id='line_1_16' title="bbox 123 1590 1178 1674; baseline -0.001 -19"><span class='ocrx_word' id='word_1_122' title='bbox 123 1614 148 1655; x_wconf 87' lang='lat'>15</span> <span class='ocrx_word' id='word_1_123' title='bbox 163 1591 280 1656; x_wconf 84' lang='lat' dir='ltr'>dantia.</span> <span class='ocrx_word' id='word_1_124' title='bbox 327 1591 463 1657; x_wconf 91' lang='lat' dir='ltr'>etmihi</span> <span class='ocrx_word' id='word_1_125' title='bbox 486 1612 602 1674; x_wconf 88' lang='lat' dir='ltr'>parum</span> <span class='ocrx_word' id='word_1_126' title='bbox 625 1590 660 1654; x_wconf 92' lang='lat' dir='ltr'>in</span> <span class='ocrx_word' id='word_1_127' title='bbox 677 1611 865 1655; x_wconf 86' lang='lat' dir='ltr'>usurarum</span> <span class='ocrx_word' id='word_1_128' title='bbox 887 1594 1018 1654; x_wconf 89' lang='lat' dir='ltr'>uersato</span> <span class='ocrx_word' id='word_1_129' title='bbox 1043 1592 1178 1656; x_wconf 88' lang='lat' dir='ltr'>obscura</span> 
     </span>
     <span class='ocr_line' id='line_1_17' title="bbox 161 1678 1178 1764; baseline -0.003 -19"><span class='ocrx_word' id='word_1_130' title='bbox 161 1680 265 1745; x_wconf 90' lang='lat' dir='ltr'>multa</span> <span class='ocrx_word' id='word_1_131' title='bbox 287 1685 371 1745; x_wconf 87' lang='lat' dir='ltr'>sunt.</span> <span class='ocrx_word' id='word_1_132' title='bbox 417 1685 454 1745; x_wconf 95' lang='lat' dir='ltr'>tu</span> <span class='ocrx_word' id='word_1_133' title='bbox 481 1684 647 1763; x_wconf 90' lang='lat' dir='ltr'>tamquam</span> <span class='ocrx_word' id='word_1_134' title='bbox 672 1678 821 1764; x_wconf 82' lang='lat' dir='ltr'>Lynceus</span> <span class='ocrx_word' id='word_1_135' title='bbox 842 1678 934 1742; x_wconf 86' lang='lat' dir='ltr'>uides</span> <span class='ocrx_word' id='word_1_136' title='bbox 957 1679 1083 1763; x_wconf 89' lang='lat' dir='ltr'>omnia,</span> <span class='ocrx_word' id='word_1_137' title='bbox 1110 1700 1178 1763; x_wconf 94' lang='lat' dir='ltr'>pro·</span> 
     </span>
     <span class='ocr_line' id='line_1_18' title="bbox 162 1766 1180 1851; baseline -0.002 -19"><span class='ocrx_word' id='word_1_138' title='bbox 162 1769 259 1832; x_wconf 90' lang='lat' dir='ltr'>batus</span> <span class='ocrx_word' id='word_1_139' title='bbox 281 1791 341 1851; x_wconf 91' lang='lat' dir='ltr'>per</span> <span class='ocrx_word' id='word_1_140' title='bbox 362 1773 466 1832; x_wconf 90' lang='lat' dir='ltr'>totam</span> <span class='ocrx_word' id='word_1_141' title='bbox 489 1772 629 1831; x_wconf 88' lang='lat' dir='ltr'>aetatem</span> <span class='ocrx_word' id='word_1_142' title='bbox 651 1766 691 1831; x_wconf 88' lang='lat' dir='ltr'>iis</span> <span class='ocrx_word' id='word_1_143' title='bbox 715 1767 897 1833; x_wconf 89' lang='lat' dir='ltr'>actionibus</span> <span class='ocrx_word' id='word_1_144' title='bbox 921 1771 954 1831; x_wconf 90' lang='lat' dir='ltr'>et</span> <span class='ocrx_word' id='word_1_145' title='bbox 977 1768 1074 1851; x_wconf 90' lang='lat' dir='ltr'>curis,</span> <span class='ocrx_word' id='word_1_146' title='bbox 1097 1768 1180 1832; x_wconf 92' lang='lat' dir='ltr'>unde</span> 
     </span>
     <span class='ocr_line' id='line_1_19' title="bbox 162 1854 1179 1937; baseline -0.001 -18"><span class='ocrx_word' id='word_1_147' title='bbox 162 1856 249 1919; x_wconf 91' lang='lat' dir='ltr'>salus</span> <span class='ocrx_word' id='word_1_148' title='bbox 276 1854 409 1937; x_wconf 86' lang='lat' dir='ltr'>publica</span> <span class='ocrx_word' id='word_1_149' title='bbox 436 1855 568 1919; x_wconf 90' lang='lat' dir='ltr'>minime</span> <span class='ocrx_word' id='word_1_150' title='bbox 597 1856 696 1921; x_wconf 92' lang='lat' dir='ltr'>dubio</span> <span class='ocrx_word' id='word_1_151' title='bbox 724 1857 884 1921; x_wconf 93' lang='lat' dir='ltr'>honorum</span> <span class='ocrx_word' id='word_1_152' title='bbox 912 1856 1058 1921; x_wconf 91' lang='lat' dir='ltr'>omnium</span> <span class='ocrx_word' id='word_1_153' title='bbox 1087 1855 1179 1919; x_wconf 89' lang='lat' dir='ltr'>testi-</span> 
     </span>
     <span class='ocr_line' id='line_1_20' title="bbox 161 1943 1179 2031; baseline 0.001 -25"><span class='ocrx_word' id='word_1_154' title='bbox 161 1943 270 2007; x_wconf 94' lang='lat' dir='ltr'>monio</span> <span class='ocrx_word' id='word_1_155' title='bbox 289 1943 442 2006; x_wconf 89' lang='lat' dir='ltr'>manauit.</span> <span class='ocrx_word' id='word_1_156' title='bbox 478 1943 551 2029; x_wconf 85' lang='lat' dir='ltr'>Ego</span> <span class='ocrx_word' id='word_1_157' title='bbox 571 1967 621 2008; x_wconf 94' lang='lat' dir='ltr'>me</span> <span class='ocrx_word' id='word_1_158' title='bbox 641 1945 749 2031; x_wconf 89' lang='lat' dir='ltr'>semel,</span> <span class='ocrx_word' id='word_1_159' title='bbox 766 1967 831 2009; x_wconf 93' lang='lat' dir='ltr'>non</span> <span class='ocrx_word' id='word_1_160' title='bbox 850 1948 972 2009; x_wconf 88' lang='lat' dir='ltr'>temere</span> <span class='ocrx_word' id='word_1_161' title='bbox 992 1948 1050 2009; x_wconf 92' lang='lat' dir='ltr'>aut</span> <span class='ocrx_word' id='word_1_162' title='bbox 1064 1965 1179 2028; x_wconf 83' lang='lat' dir='ltr'>repen·</span> 
     </span>
     <span class='ocr_line' id='line_1_21' title="bbox 121 2031 1179 2118; baseline 0.002 -24"><span class='ocrx_word' id='word_1_163' title='bbox 121 2055 147 2094; x_wconf 83' lang='lat' dir='ltr'>ro</span> <span class='ocrx_word' id='word_1_164' title='bbox 160 2031 230 2095; x_wconf 92' lang='lat' dir='ltr'>tina</span> <span class='ocrx_word' id='word_1_165' title='bbox 253 2032 391 2115; x_wconf 87' lang='lat' dir='ltr'>quadam</span> <span class='ocrx_word' id='word_1_166' title='bbox 413 2032 581 2097; x_wconf 90' lang='lat' dir='ltr'>uoluntate</span> <span class='ocrx_word' id='word_1_167' title='bbox 600 2033 769 2118; x_wconf 88' lang='lat' dir='ltr'>impulsus,</span> <span class='ocrx_word' id='word_1_168' title='bbox 791 2033 848 2098; x_wconf 92' lang='lat' dir='ltr'>sed</span> <span class='ocrx_word' id='word_1_169' title='bbox 865 2033 1036 2116; x_wconf 86' lang='lat' dir='ltr'>explorata</span> <span class='ocrx_word' id='word_1_170' title='bbox 1055 2033 1179 2098; x_wconf 89' lang='lat' dir='ltr'>ratione</span> 
     </span>
     <span class='ocr_line' id='line_1_22' title="bbox 162 2120 1179 2206; baseline 0 -21"><span class='ocrx_word' id='word_1_171' title='bbox 162 2124 314 2204; x_wconf 88' lang='lat' dir='ltr'>certoque</span> <span class='ocrx_word' id='word_1_172' title='bbox 337 2120 456 2186; x_wconf 90' lang='lat' dir='ltr'>iudicio</span> <span class='ocrx_word' id='word_1_173' title='bbox 471 2121 637 2190; x_wconf 14' lang='lat' dir='ltr'>,adductus</span> <span class='ocrx_word' id='word_1_174' title='bbox 664 2123 699 2186; x_wconf 93' lang='lat' dir='ltr'>in</span> <span class='ocrx_word' id='word_1_175' title='bbox 727 2122 909 2186; x_wconf 85' lang='lat' dir='ltr'>clientelam</span> <span class='ocrx_word' id='word_1_176' title='bbox 936 2126 1028 2186; x_wconf 90' lang='lat' dir='ltr'>tuam</span> <span class='ocrx_word' id='word_1_177' title='bbox 1052 2121 1179 2206; x_wconf 89' lang='lat' dir='ltr'>tradidi,</span> 
     </span>
     <span class='ocr_line' id='line_1_23' title="bbox 161 2209 1180 2295; baseline 0 -21"><span class='ocrx_word' id='word_1_178' title='bbox 161 2232 212 2275; x_wconf 91' lang='lat' dir='ltr'>me</span> <span class='ocrx_word' id='word_1_179' title='bbox 235 2210 420 2294; x_wconf 86' lang='lat' dir='ltr'>liberosque</span> <span class='ocrx_word' id='word_1_180' title='bbox 444 2233 533 2276; x_wconf 93' lang='lat' dir='ltr'>meos</span> <span class='ocrx_word' id='word_1_181' title='bbox 555 2215 630 2274; x_wconf 90' lang='lat' dir='ltr'>tuae</span> <span class='ocrx_word' id='word_1_182' title='bbox 653 2211 860 2295; x_wconf 90' lang='lat' dir='ltr'>potissimum</span> <span class='ocrx_word' id='word_1_183' title='bbox 882 2209 957 2274; x_wconf 91' lang='lat' dir='ltr'>fidei</span> <span class='ocrx_word' id='word_1_184' title='bbox 986 2211 1180 2276; x_wconf 91' lang='lat' dir='ltr'>beneuolen-</span> 
     </span>
     <span class='ocr_line' id='line_1_24' title="bbox 161 2298 1181 2384; baseline 0 -21"><span class='ocrx_word' id='word_1_185' title='bbox 161 2300 290 2383; x_wconf 89' lang='lat' dir='ltr'>tiaeque</span> <span class='ocrx_word' id='word_1_186' title='bbox 314 2300 468 2365; x_wconf 88' lang='lat' dir='ltr'>commisi.</span> <span class='ocrx_word' id='word_1_187' title='bbox 515 2300 625 2363; x_wconf 88' lang='lat' dir='ltr'>eadem</span> <span class='ocrx_word' id='word_1_188' title='bbox 647 2298 727 2363; x_wconf 90' lang='lat' dir='ltr'>mihi</span> <span class='ocrx_word' id='word_1_189' title='bbox 751 2303 910 2383; x_wconf 90' lang='lat' dir='ltr'>perpetuo</span> <span class='ocrx_word' id='word_1_190' title='bbox 933 2321 1035 2384; x_wconf 92' lang='lat' dir='ltr'>mens,</span> <span class='ocrx_word' id='word_1_191' title='bbox 1061 2299 1181 2383; x_wconf 85' lang='lat' dir='ltr'>eadem,</span> 
     </span>
     <span class='ocr_line' id='line_1_25' title="bbox 162 2388 1180 2472; baseline -0.001 -20"><span class='ocrx_word' id='word_1_192' title='bbox 162 2389 268 2471; x_wconf 90' lang='lat' dir='ltr'>quoad</span> <span class='ocrx_word' id='word_1_193' title='bbox 286 2388 405 2472; x_wconf 93' lang='lat' dir='ltr'>uiuam,</span> <span class='ocrx_word' id='word_1_194' title='bbox 428 2388 462 2451; x_wconf 89' lang='lat' dir='ltr'>in</span> <span class='ocrx_word' id='word_1_195' title='bbox 485 2392 517 2451; x_wconf 90' lang='lat' dir='ltr'>te</span> <span class='ocrx_word' id='word_1_196' title='bbox 541 2409 606 2452; x_wconf 91' lang='lat' dir='ltr'>uno</span> <span class='ocrx_word' id='word_1_197' title='bbox 630 2388 693 2452; x_wconf 88' lang='lat' dir='ltr'>sita</span> <span class='ocrx_word' id='word_1_198' title='bbox 715 2409 790 2470; x_wconf 86' lang='lat' dir='ltr'>spes</span> <span class='ocrx_word' id='word_1_199' title='bbox 814 2388 883 2452; x_wconf 89' lang='lat' dir='ltr'>erit.</span> <span class='ocrx_word' id='word_1_200' title='bbox 929 2391 966 2451; x_wconf 92' lang='lat' dir='ltr'>tu</span> <span class='ocrx_word' id='word_1_201' title='bbox 990 2409 1043 2451; x_wconf 89' lang='lat' dir='ltr'>me</span> <span class='ocrx_word' id='word_1_202' title='bbox 1068 2409 1180 2453; x_wconf 90' lang='lat' dir='ltr'>ornan·</span> 
     </span>
     <span class='ocr_line' id='line_1_26' title="bbox 122 2475 1180 2561; baseline 0.002 -24"><span class='ocrx_word' id='word_1_203' title='bbox 122 2496 147 2537; x_wconf 78' lang='lat' dir='ltr'>aa</span> <span class='ocrx_word' id='word_1_204' title='bbox 162 2475 247 2560; x_wconf 92' lang='lat' dir='ltr'>dum,</span> <span class='ocrx_word' id='word_1_205' title='bbox 275 2475 470 2560; x_wconf 87' lang='lat' dir='ltr'>augendum,</span> <span class='ocrx_word' id='word_1_206' title='bbox 497 2477 653 2539; x_wconf 84' lang='lat' dir='ltr'>tuendum</span> <span class='ocrx_word' id='word_1_207' title='bbox 680 2476 865 2561; x_wconf 73' lang='lat' dir='ltr'>suscepisti,</span> <span class='ocrx_word' id='word_1_208' title='bbox 891 2497 989 2559; x_wconf 90' lang='lat' dir='ltr'>saepe</span> <span class='ocrx_word' id='word_1_209' title='bbox 1018 2476 1091 2541; x_wconf 91' lang='lat' dir='ltr'>uidi</span> <span class='ocrx_word' id='word_1_210' title='bbox 1121 2497 1180 2560; x_wconf 89' lang='lat' dir='ltr'>pro</span> 
     </span>
     <span class='ocr_line' id='line_1_27' title="bbox 161 2562 1181 2630; baseline 0.003 -5"><span class='ocrx_word' id='word_1_211' title='bbox 161 2562 318 2625; x_wconf 90' lang='lat' dir='ltr'>uarietate</span> <span class='ocrx_word' id='word_1_212' title='bbox 341 2583 448 2626; x_wconf 88' lang='lat' dir='ltr'>rerum</span> <span class='ocrx_word' id='word_1_213' title='bbox 466 2585 610 2627; x_wconf 90' lang='lat' dir='ltr'>mearum</span> <span class='ocrx_word' id='word_1_214' title='bbox 634 2569 666 2629; x_wconf 89' lang='lat' dir='ltr'>et</span> <span class='ocrx_word' id='word_1_215' title='bbox 688 2564 848 2629; x_wconf 89' lang='lat' dir='ltr'>laetitiam</span> <span class='ocrx_word' id='word_1_216' title='bbox 871 2569 904 2628; x_wconf 90' lang='lat' dir='ltr'>et</span> <span class='ocrx_word' id='word_1_217' title='bbox 926 2563 1181 2630; x_wconf 89' lang='lat' dir='ltr'>sollicitudinem</span> 
     </span>
     <span class='ocr_line' id='line_1_28' title="bbox 160 2653 1181 2738; baseline 0.003 -24"><span class='ocrx_word' id='word_1_218' title='bbox 160 2653 259 2715; x_wconf 89' lang='lat' dir='ltr'>tuam.</span> <span class='ocrx_word' id='word_1_219' title='bbox 304 2671 390 2714; x_wconf 90' lang='lat' dir='ltr'>nunc</span> <span class='ocrx_word' id='word_1_220' title='bbox 412 2654 579 2734; x_wconf 91' lang='lat' dir='ltr'>tamquam</span> <span class='ocrx_word' id='word_1_221' title='bbox 607 2653 713 2718; x_wconf 87' lang='lat' dir='ltr'>bonus</span> <span class='ocrx_word' id='word_1_222' title='bbox 743 2653 860 2718; x_wconf 88' lang='lat' dir='ltr'>artifex</span> <span class='ocrx_word' id='word_1_223' title='bbox 884 2658 978 2717; x_wconf 89' lang='lat' dir='ltr'>tuum</span> <span class='ocrx_word' id='word_1_224' title='bbox 1001 2657 1039 2717; x_wconf 91' lang='lat' dir='ltr'>ut</span> <span class='ocrx_word' id='word_1_225' title='bbox 1063 2674 1181 2738; x_wconf 82' lang='lat' dir='ltr'>perpo</span> 
     </span>
     <span class='ocr_line' id='line_1_29' title="bbox 154 2739 1181 2826; baseline 0.003 -24.021"><span class='ocrx_word' id='word_1_226' title='bbox 154 2739 221 2804; x_wconf 86' lang='lat' dir='ltr'>lias</span> <span class='ocrx_word' id='word_1_227' title='bbox 249 2762 332 2824; x_wconf 89' lang='lat' dir='ltr'>opus</span> <span class='ocrx_word' id='word_1_228' title='bbox 360 2761 397 2802; x_wconf 92' lang='lat' dir='ltr'>ao</span> <span class='ocrx_word' id='word_1_229' title='bbox 424 2739 573 2824; x_wconf 86' lang='lat' dir='ltr'>perficias</span> <span class='ocrx_word' id='word_1_230' title='bbox 601 2745 731 2825; x_wconf 90' lang='lat' dir='ltr'>oportet</span> <span class='ocrx_word' id='word_1_231' title='bbox 734 2793 740 2806; x_wconf 92' lang='lat'><strong>.</strong></span> <span class='ocrx_word' id='word_1_232' title='bbox 786 2742 916 2826; x_wconf 85' lang='lat' dir='ltr'>expedi,</span> <span class='ocrx_word' id='word_1_233' title='bbox 944 2741 1097 2826; x_wconf 86' lang='lat' dir='ltr'>obsecro,</span> <span class='ocrx_word' id='word_1_234' title='bbox 1130 2763 1181 2806; x_wconf 92' lang='lat' dir='ltr'>me</span> 
     </span>
     <span class='ocr_line' id='line_1_30' title="bbox 160 2828 1183 2914; baseline 0.002 -22"><span class='ocrx_word' id='word_1_235' title='bbox 160 2829 221 2893; x_wconf 88' lang='lat' dir='ltr'>hae</span> <span class='ocrx_word' id='word_1_236' title='bbox 239 2828 365 2893; x_wconf 90' lang='lat' dir='ltr'>molest</span> <span class='ocrx_word' id='word_1_237' title='bbox 341 2832 396 2911; x_wconf 87' lang='lat' dir='ltr'>tra,</span> <span class='ocrx_word' id='word_1_238' title='bbox 419 2828 550 2892; x_wconf 90' lang='lat' dir='ltr'>uelt</span> <span class='ocrx_word' id='word_1_239' title='bbox 491 2851 534 2913; x_wconf 91' lang='lat' dir='ltr'>po</span> <span class='ocrx_word' id='word_1_240' title='bbox 536 2829 601 2894; x_wconf 91' lang='lat' dir='ltr'>tius</span> <span class='ocrx_word' id='word_1_241' title='bbox 619 2829 681 2894; x_wconf 91' lang='lat' dir='ltr'>hoc</span> <span class='ocrx_word' id='word_1_242' title='bbox 698 2852 750 2894; x_wconf 92' lang='lat' dir='ltr'>me</span> <span class='ocrx_word' id='word_1_243' title='bbox 770 2830 914 2914; x_wconf 88' lang='lat' dir='ltr'>periculo</span> <span class='ocrx_word' id='word_1_244' title='bbox 936 2829 1051 2894; x_wconf 87' lang='lat' dir='ltr'>libera.</span> <span class='ocrx_word' id='word_1_245' title='bbox 1089 2830 1183 2894; x_wconf 90' lang='lat' dir='ltr'>uides</span> 
     </span>
     <span class='ocr_line' id='line_1_31' title="bbox 121 2917 1182 2983; baseline 0.004 -5"><span class='ocrx_word' id='word_1_246' title='bbox 121 2939 147 2979; x_wconf 82' lang='lat' dir='ltr'>ao</span> <span class='ocrx_word' id='word_1_247' title='bbox 161 2918 247 2982; x_wconf 92' lang='lat' dir='ltr'>enim</span> <span class='ocrx_word' id='word_1_248' title='bbox 271 2940 343 2983; x_wconf 89' lang='lat' dir='ltr'>eum</span> <span class='ocrx_word' id='word_1_249' title='bbox 366 2918 513 2983; x_wconf 84' lang='lat' dir='ltr'>Romano</span> <span class='ocrx_word' id='word_1_250' title='bbox 541 2917 629 2982; x_wconf 90' lang='lat' dir='ltr'>caelo</span> <span class='ocrx_word' id='word_1_251' title='bbox 652 2918 784 2982; x_wconf 90' lang='lat' dir='ltr'>minime</span> <span class='ocrx_word' id='word_1_252' title='bbox 813 2919 877 2983; x_wconf 92' lang='lat' dir='ltr'>iam</span> <span class='ocrx_word' id='word_1_253' title='bbox 900 2918 1076 2983; x_wconf 90' lang='lat' dir='ltr'>conuenire</span> <span class='ocrx_word' id='word_1_254' title='bbox 1099 2917 1182 2982; x_wconf 83' lang='lat' dir='ltr'>milri</span> 
     </span>
     <span class='ocr_line' id='line_1_32' title="bbox 160 3005 1182 3090; baseline 0 -20"><span class='ocrx_word' id='word_1_255' title='bbox 160 3028 264 3090; x_wconf 93' lang='lat' dir='ltr'>posse,</span> <span class='ocrx_word' id='word_1_256' title='bbox 287 3007 404 3071; x_wconf 90' lang='lat' dir='ltr'>adduct</span> <span class='ocrx_word' id='word_1_257' title='bbox 390 3011 457 3071; x_wconf 92' lang='lat' dir='ltr'>tam</span> <span class='ocrx_word' id='word_1_258' title='bbox 481 3028 549 3071; x_wconf 89' lang='lat' dir='ltr'>esse</span> <span class='ocrx_word' id='word_1_259' title='bbox 568 3007 602 3071; x_wconf 92' lang='lat' dir='ltr'>in</span> <span class='ocrx_word' id='word_1_260' title='bbox 622 3010 801 3071; x_wconf 87' lang='lat' dir='ltr'>extremum</span> <span class='ocrx_word' id='word_1_261' title='bbox 818 3007 886 3072; x_wconf 86' lang='lat' dir='ltr'>fere</span> <span class='ocrx_word' id='word_1_262' title='bbox 905 3005 1081 3071; x_wconf 90' lang='lat' dir='ltr'>discrimen</span> <span class='ocrx_word' id='word_1_263' title='bbox 1098 3007 1182 3072; x_wconf 90' lang='lat' dir='ltr'>salu·</span> 
     </span>
     <span class='ocr_line' id='line_1_33' title="bbox 161 3094 1182 3181; baseline 0.003 -26"><span class='ocrx_word' id='word_1_264' title='bbox 161 3098 228 3156; x_wconf 90' lang='lat' dir='ltr'>tem</span> <span class='ocrx_word' id='word_1_265' title='bbox 250 3116 368 3179; x_wconf 91' lang='lat' dir='ltr'>meam,</span> <span class='ocrx_word' id='word_1_266' title='bbox 391 3100 583 3160; x_wconf 91' lang='lat' dir='ltr'>autumnum</span> <span class='ocrx_word' id='word_1_267' title='bbox 606 3096 726 3159; x_wconf 89' lang='lat' dir='ltr'>aduent</span> <span class='ocrx_word' id='word_1_268' title='bbox 712 3099 790 3181; x_wconf 87' lang='lat' dir='ltr'>tare,</span> <span class='ocrx_word' id='word_1_269' title='bbox 814 3096 905 3160; x_wconf 87' lang='lat' dir='ltr'>euius</span> <span class='ocrx_word' id='word_1_270' title='bbox 928 3094 1130 3160; x_wconf 90' lang='lat' dir='ltr'>uarietatem</span> <span class='ocrx_word' id='word_1_271' title='bbox 1149 3099 1182 3159; x_wconf 90' lang='lat' dir='ltr'>et</span> 
     </span>
     <span class='ocr_line' id='line_1_34' title="bbox 161 3180 1182 3269; baseline 0.005 -26"><span class='ocrx_word' id='word_1_272' title='bbox 161 3180 424 3267; x_wconf 86' lang='lat' dir='ltr'>inconstantiam,</span> <span class='ocrx_word' id='word_1_273' title='bbox 453 3184 507 3248; x_wconf 91' lang='lat' dir='ltr'>hic</span> <span class='ocrx_word' id='word_1_274' title='bbox 534 3184 562 3248; x_wconf 90' lang='lat' dir='ltr'>si</span> <span class='ocrx_word' id='word_1_275' title='bbox 590 3206 810 3269; x_wconf 88' lang='lat' dir='ltr'>permansero,</span> <span class='ocrx_word' id='word_1_276' title='bbox 837 3205 909 3249; x_wconf 91' lang='lat' dir='ltr'>mea</span> <span class='ocrx_word' id='word_1_277' title='bbox 940 3187 1028 3248; x_wconf 87' lang='lat' dir='ltr'>certe</span> <span class='ocrx_word' id='word_1_278' title='bbox 1058 3206 1182 3268; x_wconf 87' lang='lat' dir='ltr'>nequa·</span> 
     </span>
     <span class='ocr_line' id='line_1_35' title="bbox 161 3269 1182 3372; baseline 0.006 -41"><span class='ocrx_word' id='word_1_279' title='bbox 161 3289 258 3352; x_wconf 92' lang='lat' dir='ltr'>quam</span> <span class='ocrx_word' id='word_1_280' title='bbox 287 3269 369 3334; x_wconf 85' lang='lat' dir='ltr'>feret</span> <span class='ocrx_word' id='word_1_281' title='bbox 401 3271 616 3372; x_wconf 80' lang='lat' dir='ltr'>imbecillitas.</span> <span class='ocrx_word' id='word_1_282' title='bbox 665 3273 820 3338; x_wconf 88' lang='lat' dir='ltr'>Venetias</span> <span class='ocrx_word' id='word_1_283' title='bbox 849 3271 942 3338; x_wconf 90' lang='lat' dir='ltr'>mult</span> <span class='ocrx_word' id='word_1_284' title='bbox 933 3295 962 3336; x_wconf 85' lang='lat' dir='ltr'>rs</span> <span class='ocrx_word' id='word_1_285' title='bbox 988 3273 1182 3337; x_wconf 89' lang='lat' dir='ltr'>nominibus</span> 
     </span>
     <span class='ocr_line' id='line_1_36' title="bbox 120 3357 1181 3446; baseline 0.004 -26"><span class='ocrx_word' id='word_1_286' title='bbox 120 3357 269 3443; x_wconf 72' lang='lat' dir='ltr'>recogito</span> <span class='ocrx_word' id='word_1_287' title='bbox 288 3357 384 3442; x_wconf 92' lang='lat' dir='ltr'>idque</span> <span class='ocrx_word' id='word_1_288' title='bbox 404 3360 484 3423; x_wconf 90' lang='lat' dir='ltr'>mihi</span> <span class='ocrx_word' id='word_1_289' title='bbox 503 3360 645 3444; x_wconf 92' lang='lat' dir='ltr'>primum</span> <span class='ocrx_word' id='word_1_290' title='bbox 664 3366 714 3426; x_wconf 88' lang='lat' dir='ltr'>est</span> <span class='ocrx_word' id='word_1_291' title='bbox 734 3366 767 3426; x_wconf 89' lang='lat' dir='ltr'>et</span> <span class='ocrx_word' id='word_1_292' title='bbox 785 3366 915 3446; x_wconf 90' lang='lat' dir='ltr'>praeter</span> <span class='ocrx_word' id='word_1_293' title='bbox 937 3365 1045 3425; x_wconf 87' lang='lat' dir='ltr'>cetera</span> <span class='ocrx_word' id='word_1_294' title='bbox 1065 3366 1181 3446; x_wconf 87' lang='lat' dir='ltr'>optan-</span> 
     </span>
     <span class='ocr_line' id='line_1_37' title="bbox 157 3446 1182 3536; baseline 0.003 -26"><span class='ocrx_word' id='word_1_295' title='bbox 157 3447 241 3512; x_wconf 87' lang='lat' dir='ltr'>dum.</span> <span class='ocrx_word' id='word_1_296' title='bbox 279 3447 337 3512; x_wconf 89' lang='lat' dir='ltr'>sed</span> <span class='ocrx_word' id='word_1_297' title='bbox 360 3446 387 3512; x_wconf 93' lang='lat' dir='ltr'>si</span> <span class='ocrx_word' id='word_1_298' title='bbox 411 3447 464 3512; x_wconf 92' lang='lat' dir='ltr'>uel</span> <span class='ocrx_word' id='word_1_299' title='bbox 487 3470 546 3534; x_wconf 94' lang='lat' dir='ltr'>per</span> <span class='ocrx_word' id='word_1_300' title='bbox 562 3448 767 3536; x_wconf 89' lang='lat' dir='ltr'>Pontificem,</span> <span class='ocrx_word' id='word_1_301' title='bbox 790 3451 876 3534; x_wconf 92' lang='lat' dir='ltr'>quod</span> <span class='ocrx_word' id='word_1_302' title='bbox 894 3470 960 3513; x_wconf 95' lang='lat' dir='ltr'>non</span> <span class='ocrx_word' id='word_1_303' title='bbox 979 3449 1109 3534; x_wconf 85' lang='lat' dir='ltr'>opinor,</span> <span class='ocrx_word' id='word_1_304' title='bbox 1128 3449 1182 3514; x_wconf 88' lang='lat' dir='ltr'>uel</span> 
     </span>
     <span class='ocr_line' id='line_1_38' title="bbox 131 3537 1185 3626; baseline 0.001 -26"><span class='ocrx_word' id='word_1_305' title='bbox 131 3555 205 3617; x_wconf 82' lang='lat' dir='ltr'>per</span> <span class='ocrx_word' id='word_1_306' title='bbox 227 3537 463 3624; x_wconf 84' lang='lat' dir='ltr'>quotidianam</span> <span class='ocrx_word' id='word_1_307' title='bbox 487 3539 632 3626; x_wconf 81' lang='lat' dir='ltr'>febrem,</span> <span class='ocrx_word' id='word_1_308' title='bbox 656 3538 746 3624; x_wconf 79' lang='lat' dir='ltr'>quod</span> <span class='ocrx_word' id='word_1_309' title='bbox 763 3539 873 3622; x_wconf 78' lang='lat' dir='ltr'>magis</span> <span class='ocrx_word' id='word_1_310' title='bbox 890 3541 1020 3617; x_wconf 80' lang='lat' dir='ltr'>metuo,</span> <span class='ocrx_word' id='word_1_311' title='bbox 1038 3539 1185 3617; x_wconf 56' lang='lat' dir='ltr'>patriam</span> 
     </span>
    </p>
   </div>
   <div class='ocr_carea' id='block_1_3' title="bbox 0 0 1233 3862">
    <p class='ocr_par' dir='ltr' id='par_1_3' title="bbox 0 0 1233 3862">
     <span class='ocr_line' id='line_1_39' title="bbox 0 0 1233 3862; baseline 0 0"><span class='ocrx_word' id='word_1_312' title='bbox 0 0 1233 3862; x_wconf 95' lang='lat' dir='ltr'> </span> 
     </span>
    </p>
   </div>
  </div>
 </body>
</html>
