2452 3862
158 172 223 236 144
454 174 551 232 LXIX.
576 173 695 230 Camillo
713 173 870 229 Palaeotto.

607 407 719 472 LXIX.

286 545 446 612 Camillo
470 547 677 614 Palaeottc
700 549 913 614 Bononiam
935 557 985 628 (X,
1002 557 1041 624 u).

242 688 369 753 Putasti
392 711 433 753 10
452 712 606 774 umquam
629 690 707 772 fore,
730 694 767 755 ut
790 711 851 776 ego
874 689 1183 775 mcflRomanarum

153 778 401 861 occupationum
416 800 432 842 0
447 778 586 844 uinculis
601 779 795 844 eximerem?
823 782 908 842 certe
927 777 1057 843 factum
1079 781 1179 846 uides.

126 887 211 930 suec
245 866 326 930 mihi
361 866 451 931 uenit
480 867 515 931 in
549 871 692 931 mentem
729 867 797 931 eius
833 866 960 931 consilii
995 869 1176 950 paenitere.

153 954 231 1037 quin
247 954 389 1038 quotidie
404 955 507 1041 magis
522 956 677 1042 gratulor,
696 956 782 1040 quod
800 954 857 1019 illa
874 954 1080 1042 reliquerim,
1100 958 1179 1022 hacc

152 1043 214 1107 sim
245 1043 392 1127 adeptus:
431 1045 517 1128 quod
549 1045 590 1109 ab
624 1044 712 1110 omni
751 1066 827 1108 cura
857 1043 943 1108 liber
976 1044 1049 1109 otio
1088 1047 1176 1111 fruar

150 1131 391 1215 honestissimo,
424 1133 509 1216 quod
542 1155 579 1196 ea
604 1155 690 1197 nunc
721 1132 857 1216 denique
887 1132 996 1196 studia
1030 1135 1175 1200 recolere

151 1219 231 1284 mihi
258 1220 368 1306 liceat,
395 1244 414 1285 a
442 1221 562 1305 quibus
590 1221 768 1286 disiunctus
795 1225 845 1285 101
872 1242 975 1285 annos
1000 1222 1092 1308 uixi,
1122 1222 1172 1287 uel

111 1334 135 1373 10
151 1309 261 1392 potius
285 1310 380 1394 plane
411 1332 477 1374 101
505 1310 582 1375 uixi.
633 1331 715 1394 quae
743 1309 830 1374 enim
856 1312 967 1392 potest
1000 1332 1075 1375 esse
1106 1312 1172 1376 uita

150 1397 218 1462 sine
241 1398 382 1463 litteris?
413 1399 521 1462 ualeat
548 1398 697 1483 ambitio,
726 1399 854 1463 fucatus
881 1419 981 1483 opum
1005 1398 1168 1483 splendor.

147 1486 231 1550 nihil
254 1491 312 1572 est,
336 1487 421 1571 quod
445 1509 517 1551 cum
541 1487 732 1551 suauissima
749 1487 909 1568 librorum
933 1489 1170 1553 consuetudine

149 1575 288 1640 conferri
310 1575 379 1640 iure
403 1576 515 1659 possit.
562 1597 625 1659 qua
647 1579 755 1640 mente
780 1598 853 1639 cum
876 1597 995 1661 essem,
1019 1577 1166 1643 commisi

147 1667 265 1746 tamen,
288 1668 325 1727 ut
348 1664 442 1728 aliter
466 1664 603 1730 sensisse
626 1664 745 1746 uidear,
769 1687 841 1729 cum
861 1664 1060 1729 sententiam
1078 1688 1165 1730 num-

108 1776 133 1815 15
149 1773 245 1834 quam
268 1751 471 1817 mutauerim.
515 1775 592 1818 nam
614 1753 655 1816 ad
677 1753 792 1818 urbem
809 1753 948 1817 Romam
971 1775 1010 1818 eo
1035 1755 1164 1838 quidem

146 1840 280 1903 consilio
310 1862 381 1904 sum
408 1842 587 1926 profectus,
614 1841 749 1907 domest‘
725 1841 798 1906 11010
826 1845 862 1905 11
885 1841 1068 1907 rationibus
1090 1864 1163 1906 001-

146 1925 298 2010 sulerem,
328 1927 424 1992 simul
451 1933 560 1993 tamen
587 1927 620 1993 id
648 1935 810 2014 spectans,
838 1951 880 1994 ne
910 1929 1043 1996 delicias
1065 1952 1161 2016 meas,

146 2013 341 2099 optimarum
359 2017 464 2081 studia
485 2017 677 2120 litterarum,
696 2041 828 2103 prorsus
848 2018 1038 2084 desererem
1070 2018 1164 2083 aliter

145 2103 268 2169 cecidit.
315 2105 387 2190 quis
415 2129 466 2170 me
498 2108 664 2173 accuset
655 2112 824 2172 mconstan
768 2107 911 2173 tantiae?
948 2107 1029 2173 uicit
1058 2130 1162 2173 meam

103 2219 130 2257 ro
144 2193 345 2260 uoluntatem
372 2218 416 2280 po
418 2200 518 2261 testas
545 2219 670 2279 eorum,
698 2196 899 2280 quibus,ut
931 2217 1075 2279 aequum
1106 2201 1161 2282 est,

141 2305 208 2347 non
231 2284 339 2348 minus
361 2285 466 2349 libent
452 2289 502 2349 ter
525 2307 621 2385 quarn
643 2285 823 2349 1000000110
847 2283 950 2368 parui.
988 2284 1045 2349 sed
1065 2285 1110 2350 mi
1112 2290 1161 2350 110

142 2373 325 2454 praeterita.
372 2373 462 2457 quasi
486 2373 585 2457 enirn,
609 2396 646 2437 ea
669 2374 746 2438 dum
768 2372 908 2459 attingo,
936 2372 1083 2438 uulneris
1106 2375 1162 2438 ob·

142 2459 218 2524 duct
204 2464 271 2524 tam
293 2483 397 2544 prope
426 2461 607 2526 cicatricem
629 2484 758 2527 renouo.
804 2461 867 2526 Hic
890 2483 942 2525 me
969 2462 1160 2546 propinqui,

141 2546 329 2633 familiares,
359 2549 429 2612 1011
458 2549 581 2632 pariter
611 2555 708 2635 atque
738 2550 857 2636 ignoti,
886 2550 1077 2614 redeuntem
1108 2573 1159 2615 ex-

101 2659 127 2699 10
143 2656 256 2720 cepere
287 2636 457 2721 uoluptate
490 2659 623 2702 summa.
675 2638 799 2703 Vrbem
832 2638 970 2722 priuatis
1002 2639 1161 2704 aedificiis

141 2723 371 2811 elegantiorem
404 2729 436 2790 et
472 2726 614 2809 publicis
646 2727 800 2811 operibus
836 2727 1159 2814 magnificentiorem,

141 2836 238 2898 quam
261 2814 462 2900 reliqueram,
486 2815 605 2899 inueni,
624 2820 803 2900 praeterea,
826 2837 1022 2899 quamquam
1047 2816 1160 2881 arden·

139 2907 172 2967 te
192 2903 288 2988 bello,
310 2905 492 2991 florentem,
516 2909 553 2969 ut
567 2905 602 2968 in
620 2926 744 2968 summa
763 2926 856 2989 pace,
875 2903 973 2968 rebus
994 2905 1158 2988 0111111110,

140 3014 222 3074 quae
245 2993 299 3057 uel
322 2994 361 3057 ad
384 3016 479 3059 usum
502 2993 647 3077 corporis
666 2992 719 3057 uel
733 2993 772 3056 ad
791 2992 890 3057 animi
909 2991 1158 3058 delectationem

99 3103 125 3141 00
139 3079 312 3163 pertinent.
351 3104 414 3167 quo
444 3082 551 3146 dolere
579 3081 742 3146 interdum
770 3103 807 3145 ac
834 3103 936 3165 paene
966 3102 1158 3147 succensere

138 3167 219 3231 mihi
243 3190 354 3254 cogor,
380 3171 436 3253 qui
459 3175 510 3234 tot
533 3170 642 3254 bonis,
665 3173 757 3234 10110
780 3169 1030 3253 tranquillitate,
1061 3173 1157 3236 tanto

138 3256 236 3320 etiam
262 3257 424 3321 nobilium
450 3259 594 3323 uirorum
622 3281 699 3344 erga
726 3281 777 3322 me
800 3280 908 3322 amore
931 3260 1000 3322 tam
1022 3257 1079 3323 diu
1102 3281 1158 3323 me

138 3367 244 3410 carere
273 3344 335 3408 sim
358 3368 480 3428 passus
525 3347 644 3412 lucrit
630 3351 739 3411 tamen
765 3347 798 3411 id
821 3346 887 3410 fact
873 3351 943 3410 tum
966 3350 1027 3431 001,
1057 3348 1158 3434 quod,

130 3434 197 3500 11101
191 3433 293 3499 hinc
312 3433 528 3499 discessissem
547 3436 666 3520 diuque
684 3435 869 3521 abfuissem,
890 3434 997 3499 haec
988 3457 1060 3518 ipsa
1079 3458 1157 3518 pro-

74 3523 231 3613 0111οῄ10
257 3524 384 3612 quibus
407 3547 496 3593 nunc
520 3548 563 3592 ex
584 3525 758 3590 interuallo
779 3523 976 3604 recuperatis
991 3523 1157 3588 iucundis-
