<?xml version="1.0" encoding="UTF-8"?>
<!DOCTYPE html PUBLIC "-//W3C//DTD XHTML 1.0 Transitional//EN"
    "http://www.w3.org/TR/xhtml1/DTD/xhtml1-transitional.dtd">
<html xmlns="http://www.w3.org/1999/xhtml" xml:lang="en" lang="en">
 <head>
  <title>
</title>
<meta http-equiv="Content-Type" content="text/html;charset=utf-8" />
  <meta name='ocr-system' content='tesseract 3.04.00' />
  <meta name='ocr-capabilities' content='ocr_page ocr_carea ocr_par ocr_line ocrx_word'/>
</head>
<body>
  <div class='ocr_page' id='page_1' title='image "./paulimanutiiepi01fickgoog_0058.png"; bbox 0 0 2452 3862; ppageno 0'>
   <div class='ocr_carea' id='block_1_1' title="bbox 860 53 1210 70">
    <p class='ocr_par' dir='ltr' id='par_1_1' title="bbox 860 53 1210 70">
     <span class='ocr_line' id='line_1_1' title="bbox 860 53 1210 70; baseline 0.009 -3"><span class='ocrx_word' id='word_1_1' title='bbox 860 53 1210 70; x_wconf 77' lang='lat'>-——</span> 
     </span>
    </p>
   </div>
   <div class='ocr_carea' id='block_1_2' title="bbox 294 246 1050 315">
    <p class='ocr_par' dir='ltr' id='par_1_2' title="bbox 294 246 1050 315">
     <span class='ocr_line' id='line_1_2' title="bbox 294 246 1050 315; baseline 0.007 -13"><span class='ocrx_word' id='word_1_2' title='bbox 294 246 395 305; x_wconf 86' lang='lat' dir='ltr'>XVIII.</span> <span class='ocrx_word' id='word_1_3' title='bbox 423 246 470 301; x_wconf 86' lang='lat' dir='ltr'>Ad</span> <span class='ocrx_word' id='word_1_4' title='bbox 488 247 636 303; x_wconf 79' lang='lat' dir='ltr'>Altonaum</span> <span class='ocrx_word' id='word_1_5' title='bbox 653 246 791 312; x_wconf 76' lang='lat' dir='ltr'>Gerasam.</span> <span class='ocrx_word' id='word_1_6' title='bbox 1006 250 1050 315; x_wconf 83' lang='lat'>45</span> 
     </span>
    </p>
   </div>
   <div class='ocr_carea' id='block_1_3' title="bbox 29 408 1094 3583">
    <p class='ocr_par' dir='ltr' id='par_1_3' title="bbox 29 408 1094 3583">
     <span class='ocr_line' id='line_1_3' title="bbox 29 408 1048 496; baseline 0 -22"><span class='ocrx_word' id='word_1_7' title='bbox 29 431 172 493; x_wconf 89' lang='lat' dir='ltr'>cumque</span> <span class='ocrx_word' id='word_1_8' title='bbox 202 408 295 474; x_wconf 88' lang='lat' dir='ltr'>illum</span> <span class='ocrx_word' id='word_1_9' title='bbox 323 431 387 474; x_wconf 89' lang='lat' dir='ltr'>una</span> <span class='ocrx_word' id='word_1_10' title='bbox 414 409 519 475; x_wconf 89' lang='lat' dir='ltr'>uirtus</span> <span class='ocrx_word' id='word_1_11' title='bbox 549 410 589 475; x_wconf 93' lang='lat' dir='ltr'>ad</span> <span class='ocrx_word' id='word_1_12' title='bbox 619 432 693 475; x_wconf 91' lang='lat' dir='ltr'>eum</span> <span class='ocrx_word' id='word_1_13' title='bbox 722 411 858 496; x_wconf 89' lang='lat' dir='ltr'>gradum</span> <span class='ocrx_word' id='word_1_14' title='bbox 885 411 1048 496; x_wconf 76' lang='lat' dir='ltr'>extulerit,</span> 
     </span>
     <span class='ocr_line' id='line_1_4' title="bbox 34 498 1049 585; baseline 0.002 -23"><span class='ocrx_word' id='word_1_15' title='bbox 34 498 121 562; x_wconf 89' lang='lat' dir='ltr'>unde</span> <span class='ocrx_word' id='word_1_16' title='bbox 158 498 298 562; x_wconf 89' lang='lat' dir='ltr'>humana</span> <span class='ocrx_word' id='word_1_17' title='bbox 335 498 443 562; x_wconf 87' lang='lat' dir='ltr'>omnia</span> <span class='ocrx_word' id='word_1_18' title='bbox 480 498 630 583; x_wconf 77' lang='lat' dir='ltr'>despicit,</span> <span class='ocrx_word' id='word_1_19' title='bbox 666 521 765 583; x_wconf 87' lang='lat' dir='ltr'>supra</span> <span class='ocrx_word' id='word_1_20' title='bbox 802 521 893 564; x_wconf 86' lang='lat' dir='ltr'>casus</span> <span class='ocrx_word' id='word_1_21' title='bbox 930 522 1049 585; x_wconf 88' lang='lat' dir='ltr'>omnes,</span> 
     </span>
     <span class='ocr_line' id='line_1_5' title="bbox 31 585 1050 670; baseline 0.001 -19"><span class='ocrx_word' id='word_1_22' title='bbox 31 609 135 670; x_wconf 90' lang='lat' dir='ltr'>supra</span> <span class='ocrx_word' id='word_1_23' title='bbox 157 586 321 650; x_wconf 84' lang='lat' dir='ltr'>fortunam</span> <span class='ocrx_word' id='word_1_24' title='bbox 344 585 450 670; x_wconf 81' lang='lat' dir='ltr'>ipsam</span> <span class='ocrx_word' id='word_1_25' title='bbox 477 587 665 670; x_wconf 88' lang='lat' dir='ltr'>collocatus,</span> <span class='ocrx_word' id='word_1_26' title='bbox 691 587 778 651; x_wconf 91' lang='lat' dir='ltr'>hunc</span> <span class='ocrx_word' id='word_1_27' title='bbox 805 591 837 651; x_wconf 86' lang='lat' dir='ltr'>te</span> <span class='ocrx_word' id='word_1_28' title='bbox 866 588 957 652; x_wconf 89' lang='lat' dir='ltr'>decet</span> <span class='ocrx_word' id='word_1_29' title='bbox 980 589 1050 652; x_wconf 91' lang='lat' dir='ltr'>imi·</span> 
     </span>
     <span class='ocr_line' id='line_1_6' title="bbox 32 675 1050 761; baseline 0.001 -22"><span class='ocrx_word' id='word_1_30' title='bbox 32 675 112 760; x_wconf 87' lang='lat' dir='ltr'>tari,</span> <span class='ocrx_word' id='word_1_31' title='bbox 140 675 238 739; x_wconf 93' lang='lat' dir='ltr'>huius</span> <span class='ocrx_word' id='word_1_32' title='bbox 265 678 368 739; x_wconf 85' lang='lat' dir='ltr'>uitam</span> <span class='ocrx_word' id='word_1_33' title='bbox 391 680 550 759; x_wconf 90' lang='lat' dir='ltr'>perpetuo</span> <span class='ocrx_word' id='word_1_34' title='bbox 574 675 838 760; x_wconf 77' lang='lat' dir='ltr'>sanctissimeque</span> <span class='ocrx_word' id='word_1_35' title='bbox 861 677 1050 761; x_wconf 77' lang='lat' dir='ltr'>traductam,</span> 
     </span>
     <span class='ocr_line' id='line_1_7' title="bbox 31 763 1091 848; baseline -0.002 -19"><span class='ocrx_word' id='word_1_36' title='bbox 31 764 132 829; x_wconf 89' lang='lat' dir='ltr'>huius</span> <span class='ocrx_word' id='word_1_37' title='bbox 155 763 263 828; x_wconf 90' lang='lat' dir='ltr'>omnia</span> <span class='ocrx_word' id='word_1_38' title='bbox 286 764 384 847; x_wconf 88' lang='lat' dir='ltr'>facta,</span> <span class='ocrx_word' id='word_1_39' title='bbox 408 763 555 848; x_wconf 89' lang='lat' dir='ltr'>consilia,</span> <span class='ocrx_word' id='word_1_40' title='bbox 583 764 733 829; x_wconf 90' lang='lat' dir='ltr'>instituta</span> <span class='ocrx_word' id='word_1_41' title='bbox 756 764 819 828; x_wconf 84' lang='lat' dir='ltr'>tibi</span> <span class='ocrx_word' id='word_1_42' title='bbox 843 769 917 829; x_wconf 91' lang='lat' dir='ltr'>ante</span> <span class='ocrx_word' id='word_1_43' title='bbox 941 766 1050 830; x_wconf 91' lang='lat' dir='ltr'>oculos</span> <span class='ocrx_word' id='word_1_44' title='bbox 1078 787 1091 827; x_wconf 80' lang='grc' dir='ltr'>ι</span> 
     </span>
     <span class='ocr_line' id='line_1_8' title="bbox 31 851 1052 938; baseline 0.001 -21"><span class='ocrx_word' id='word_1_45' title='bbox 31 873 165 937; x_wconf 86' lang='lat' dir='ltr'>ponere.</span> <span class='ocrx_word' id='word_1_46' title='bbox 212 851 302 915; x_wconf 89' lang='lat' dir='ltr'>uides</span> <span class='ocrx_word' id='word_1_47' title='bbox 326 851 482 935; x_wconf 89' lang='lat' dir='ltr'>pietatem</span> <span class='ocrx_word' id='word_1_48' title='bbox 505 874 582 938; x_wconf 92' lang='lat' dir='ltr'>erga</span> <span class='ocrx_word' id='word_1_49' title='bbox 605 853 710 917; x_wconf 89' lang='lat' dir='ltr'>Deum</span> <span class='ocrx_word' id='word_1_50' title='bbox 738 857 770 917; x_wconf 87' lang='lat' dir='ltr'>et</span> <span class='ocrx_word' id='word_1_51' title='bbox 797 853 832 917; x_wconf 87' lang='lat' dir='ltr'>in</span> <span class='ocrx_word' id='word_1_52' title='bbox 860 854 1052 919; x_wconf 86' lang='lat' dir='ltr'>auctoritate</span> 
     </span>
     <span class='ocr_line' id='line_1_9' title="bbox 31 939 1052 1027; baseline 0.001 -21"><span class='ocrx_word' id='word_1_53' title='bbox 31 939 216 1022; x_wconf 78' lang='lat' dir='ltr'>Pontificio,</span> <span class='ocrx_word' id='word_1_54' title='bbox 240 939 324 1003; x_wconf 85' lang='lat' dir='ltr'>idest</span> <span class='ocrx_word' id='word_1_55' title='bbox 347 940 381 1004; x_wconf 95' lang='lat' dir='ltr'>in</span> <span class='ocrx_word' id='word_1_56' title='bbox 404 941 476 1025; x_wconf 89' lang='lat' dir='ltr'>ipsa</span> <span class='ocrx_word' id='word_1_57' title='bbox 498 940 655 1027; x_wconf 82' lang='lat' dir='ltr'>religione</span> <span class='ocrx_word' id='word_1_58' title='bbox 678 941 797 1005; x_wconf 90' lang='lat' dir='ltr'>tuenda</span> <span class='ocrx_word' id='word_1_59' title='bbox 820 942 1052 1007; x_wconf 83' lang='lat' dir='ltr'>firmitudinem</span> 
     </span>
     <span class='ocr_line' id='line_1_10' title="bbox 30 1029 1053 1114; baseline 0 -20"><span class='ocrx_word' id='word_1_60' title='bbox 30 1029 136 1094; x_wconf 87' lang='lat' dir='ltr'>animi</span> <span class='ocrx_word' id='word_1_61' title='bbox 173 1031 270 1112; x_wconf 90' lang='lat' dir='ltr'>atque</span> <span class='ocrx_word' id='word_1_62' title='bbox 304 1032 439 1094; x_wconf 87' lang='lat' dir='ltr'>constan</span> <span class='ocrx_word' id='word_1_63' title='bbox 440 1029 532 1114; x_wconf 81' lang='lat' dir='ltr'>tiam3</span> <span class='ocrx_word' id='word_1_64' title='bbox 571 1029 662 1094; x_wconf 91' lang='lat' dir='ltr'>uides</span> <span class='ocrx_word' id='word_1_65' title='bbox 697 1029 913 1114; x_wconf 88' lang='lat' dir='ltr'>multiplicem</span> <span class='ocrx_word' id='word_1_66' title='bbox 946 1053 1053 1096; x_wconf 89' lang='lat' dir='ltr'>rerum</span> 
     </span>
     <span class='ocr_line' id='line_1_11' title="bbox 34 1100 1052 1203; baseline 0.002 -21"><span class='ocrx_word' id='word_1_67' title='bbox 34 1119 252 1183; x_wconf 88' lang='lat' dir='ltr'>humanarum</span> <span class='ocrx_word' id='word_1_68' title='bbox 279 1100 524 1201; x_wconf 85' lang='lat' dir='ltr'>diuinarumque</span> <span class='ocrx_word' id='word_1_69' title='bbox 553 1118 733 1203; x_wconf 90' lang='lat' dir='ltr'>scientiam,</span> <span class='ocrx_word' id='word_1_70' title='bbox 762 1118 863 1184; x_wconf 92' lang='lat' dir='ltr'>trium</span> <span class='ocrx_word' id='word_1_71' title='bbox 890 1140 967 1185; x_wconf 94' lang='lat' dir='ltr'>uero</span> <span class='ocrx_word' id='word_1_72' title='bbox 994 1120 1052 1184; x_wconf 92' lang='lat' dir='ltr'>lin·</span> 
     </span>
     <span class='ocr_line' id='line_1_12' title="bbox 32 1204 1094 1294; baseline 0.002 -24"><span class='ocrx_word' id='word_1_73' title='bbox 32 1227 183 1293; x_wconf 81' lang='lat' dir='ltr'>guarum,</span> <span class='ocrx_word' id='word_1_74' title='bbox 196 1204 385 1290; x_wconf 88' lang='lat' dir='ltr'>Hebraicae,</span> <span class='ocrx_word' id='word_1_75' title='bbox 401 1204 548 1290; x_wconf 80' lang='lat' dir='ltr'>Graecae,</span> <span class='ocrx_word' id='word_1_76' title='bbox 559 1206 631 1272; x_wconf 90' lang='lat' dir='ltr'>Lat</span> <span class='ocrx_word' id='word_1_77' title='bbox 607 1211 694 1272; x_wconf 89' lang='lat' dir='ltr'>trnae</span> <span class='ocrx_word' id='word_1_78' title='bbox 694 1207 828 1294; x_wconf 72' lang='lat' dir='ltr'>,cogant</span> <span class='ocrx_word' id='word_1_79' title='bbox 828 1207 936 1273; x_wconf 90' lang='lat' dir='ltr'>ionem</span> <span class='ocrx_word' id='word_1_80' title='bbox 950 1230 1052 1292; x_wconf 89' lang='lat' dir='ltr'>paene</span> <span class='ocrx_word' id='word_1_81' title='bbox 1067 1227 1094 1267; x_wconf 81' lang='grc' dir='ltr'>ιι</span> 
     </span>
     <span class='ocr_line' id='line_1_13' title="bbox 36 1256 1052 1380; baseline 0.001 -20"><span class='ocrx_word' id='word_1_82' title='bbox 36 1293 245 1380; x_wconf 80' lang='lat' dir='ltr'>singularem.</span> <span class='ocrx_word' id='word_1_83' title='bbox 301 1256 463 1377; x_wconf 80' lang='lat' dir='ltr'>eloqirent&#39;</span> <span class='ocrx_word' id='word_1_84' title='bbox 454 1317 485 1359; x_wconf 86' lang='lat' dir='ltr'>ra</span> <span class='ocrx_word' id='word_1_85' title='bbox 517 1317 594 1360; x_wconf 90' lang='lat' dir='ltr'>uero</span> <span class='ocrx_word' id='word_1_86' title='bbox 626 1317 758 1380; x_wconf 90' lang='lat' dir='ltr'>prorsus</span> <span class='ocrx_word' id='word_1_87' title='bbox 791 1318 864 1361; x_wconf 90' lang='lat' dir='ltr'>eum</span> <span class='ocrx_word' id='word_1_88' title='bbox 896 1297 1052 1362; x_wconf 85' lang='lat' dir='ltr'>excellere</span> 
     </span>
     <span class='ocr_line' id='line_1_14' title="bbox 33 1383 1053 1535; baseline 0 -87"><span class='ocrx_word' id='word_1_89' title='bbox 33 1404 150 1448; x_wconf 90' lang='lat' dir='ltr'>omnes</span> <span class='ocrx_word' id='word_1_90' title='bbox 172 1383 277 1446; x_wconf 86' lang='lat' dir='ltr'>fatent</span> <span class='ocrx_word' id='word_1_91' title='bbox 278 1403 324 1467; x_wconf 93' lang='lat' dir='ltr'>ur,</span> <span class='ocrx_word' id='word_1_92' title='bbox 348 1383 404 1466; x_wconf 90' lang='lat' dir='ltr'>qui</span> <span class='ocrx_word' id='word_1_93' title='bbox 427 1383 606 1535; x_wconf 82' lang='lat' dir='ltr'>quidemt</span> <span class='ocrx_word' id='word_1_94' title='bbox 580 1406 626 1448; x_wconf 86' lang='lat' dir='ltr'>ra</span> <span class='ocrx_word' id='word_1_95' title='bbox 645 1405 845 1468; x_wconf 89' lang='lat' dir='ltr'>quacumque</span> <span class='ocrx_word' id='word_1_96' title='bbox 867 1384 905 1448; x_wconf 92' lang='lat' dir='ltr'>de</span> <span class='ocrx_word' id='word_1_97' title='bbox 929 1407 963 1449; x_wconf 89' lang='lat' dir='ltr'>re</span> <span class='ocrx_word' id='word_1_98' title='bbox 986 1407 1053 1449; x_wconf 95' lang='lat' dir='ltr'>non</span> 
     </span>
     <span class='ocr_line' id='line_1_15' title="bbox 35 1471 1052 1558; baseline 0 -22"><span class='ocrx_word' id='word_1_99' title='bbox 35 1471 135 1536; x_wconf 91' lang='lat' dir='ltr'>modo</span> <span class='ocrx_word' id='word_1_100' title='bbox 166 1471 308 1555; x_wconf 87' lang='lat' dir='ltr'>copiose,</span> <span class='ocrx_word' id='word_1_101' title='bbox 340 1493 453 1536; x_wconf 91' lang='lat' dir='ltr'>uerum</span> <span class='ocrx_word' id='word_1_102' title='bbox 481 1472 578 1536; x_wconf 91' lang='lat' dir='ltr'>etiam</span> <span class='ocrx_word' id='word_1_103' title='bbox 606 1472 771 1558; x_wconf 88' lang='lat' dir='ltr'>eleganter</span> <span class='ocrx_word' id='word_1_104' title='bbox 798 1494 834 1536; x_wconf 90' lang='lat' dir='ltr'>ac</span> <span class='ocrx_word' id='word_1_105' title='bbox 862 1472 980 1536; x_wconf 87' lang='lat' dir='ltr'>diserte</span> <span class='ocrx_word' id='word_1_106' title='bbox 1006 1473 1052 1536; x_wconf 93' lang='lat' dir='ltr'>lo-</span> 
     </span>
     <span class='ocr_line' id='line_1_16' title="bbox 34 1560 1051 1644; baseline 0 -20"><span class='ocrx_word' id='word_1_107' title='bbox 34 1563 156 1644; x_wconf 87' lang='lat' dir='ltr'>quatur</span> <span class='ocrx_word' id='word_1_108' title='bbox 193 1581 233 1622; x_wconf 85' lang='lat' dir='ltr'>ex</span> <span class='ocrx_word' id='word_1_109' title='bbox 264 1563 424 1644; x_wconf 89' lang='lat' dir='ltr'>tempore,</span> <span class='ocrx_word' id='word_1_110' title='bbox 460 1562 497 1623; x_wconf 94' lang='lat' dir='ltr'>ut</span> <span class='ocrx_word' id='word_1_111' title='bbox 532 1560 561 1623; x_wconf 89' lang='lat' dir='ltr'>ei</span> <span class='ocrx_word' id='word_1_112' title='bbox 597 1581 663 1623; x_wconf 92' lang='lat' dir='ltr'>non</span> <span class='ocrx_word' id='word_1_113' title='bbox 699 1564 768 1624; x_wconf 90' lang='lat' dir='ltr'>arte</span> <span class='ocrx_word' id='word_1_114' title='bbox 801 1560 959 1644; x_wconf 88' lang='lat' dir='ltr'>quaesita,</span> <span class='ocrx_word' id='word_1_115' title='bbox 986 1560 1051 1624; x_wconf 81' lang='lat' dir='ltr'>sed</span> 
     </span>
     <span class='ocr_line' id='line_1_17' title="bbox 33 1647 1092 1734; baseline -0.004 -22"><span class='ocrx_word' id='word_1_116' title='bbox 33 1670 55 1712; x_wconf 86' lang='lat' dir='ltr'>a</span> <span class='ocrx_word' id='word_1_117' title='bbox 72 1652 192 1712; x_wconf 86' lang='lat' dir='ltr'>natura</span> <span class='ocrx_word' id='word_1_118' title='bbox 214 1649 333 1711; x_wconf 88' lang='lat' dir='ltr'>donata</span> <span class='ocrx_word' id='word_1_119' title='bbox 355 1648 503 1712; x_wconf 84' lang='lat' dir='ltr'>uideatur</span> <span class='ocrx_word' id='word_1_120' title='bbox 530 1647 721 1732; x_wconf 88' lang='lat' dir='ltr'>eloquentia.</span> <span class='ocrx_word' id='word_1_121' title='bbox 767 1647 854 1713; x_wconf 90' lang='lat' dir='ltr'>hunc</span> <span class='ocrx_word' id='word_1_122' title='bbox 881 1648 983 1734; x_wconf 90' lang='lat' dir='ltr'>igitur</span> <span class='ocrx_word' id='word_1_123' title='bbox 1005 1671 1051 1713; x_wconf 88' lang='lat' dir='ltr'>se·</span> <span class='ocrx_word' id='word_1_124' title='bbox 1066 1667 1092 1709; x_wconf 84' lang='grc' dir='ltr'>ιι</span> 
     </span>
     <span class='ocr_line' id='line_1_18' title="bbox 31 1736 1052 1822; baseline 0 -21"><span class='ocrx_word' id='word_1_125' title='bbox 31 1758 134 1822; x_wconf 87' lang='lat' dir='ltr'>quere</span> <span class='ocrx_word' id='word_1_126' title='bbox 165 1740 198 1800; x_wconf 90' lang='lat' dir='ltr'>et</span> <span class='ocrx_word' id='word_1_127' title='bbox 225 1736 259 1800; x_wconf 92' lang='lat' dir='ltr'>in</span> <span class='ocrx_word' id='word_1_128' title='bbox 287 1736 375 1801; x_wconf 81' lang='lat' dir='ltr'>illius</span> <span class='ocrx_word' id='word_1_129' title='bbox 398 1736 537 1822; x_wconf 86' lang='lat' dir='ltr'>uestigio</span> <span class='ocrx_word' id='word_1_130' title='bbox 564 1737 680 1820; x_wconf 89' lang='lat' dir='ltr'>pedem</span> <span class='ocrx_word' id='word_1_131' title='bbox 707 1740 821 1802; x_wconf 87' lang='lat' dir='ltr'>statue.</span> <span class='ocrx_word' id='word_1_132' title='bbox 867 1736 938 1822; x_wconf 87' lang='lat' dir='ltr'>ipse</span> <span class='ocrx_word' id='word_1_133' title='bbox 965 1737 1052 1803; x_wconf 91' lang='lat' dir='ltr'>enim</span> 
     </span>
     <span class='ocr_line' id='line_1_19' title="bbox 33 1825 1051 1911; baseline -0.001 -20"><span class='ocrx_word' id='word_1_134' title='bbox 33 1825 143 1891; x_wconf 91' lang='lat' dir='ltr'>Deum</span> <span class='ocrx_word' id='word_1_135' title='bbox 166 1829 295 1889; x_wconf 87' lang='lat' dir='ltr'>secutus</span> <span class='ocrx_word' id='word_1_136' title='bbox 319 1829 381 1909; x_wconf 88' lang='lat' dir='ltr'>est,</span> <span class='ocrx_word' id='word_1_137' title='bbox 409 1847 482 1888; x_wconf 88' lang='lat' dir='ltr'>cunr</span> <span class='ocrx_word' id='word_1_138' title='bbox 509 1847 580 1889; x_wconf 88' lang='lat' dir='ltr'>eam</span> <span class='ocrx_word' id='word_1_139' title='bbox 607 1825 808 1911; x_wconf 86' lang='lat' dir='ltr'>felicitatem,</span> <span class='ocrx_word' id='word_1_140' title='bbox 836 1847 933 1909; x_wconf 90' lang='lat' dir='ltr'>quam</span> <span class='ocrx_word' id='word_1_141' title='bbox 956 1825 1051 1910; x_wconf 90' lang='lat' dir='ltr'>pleri-</span> 
     </span>
     <span class='ocr_line' id='line_1_20' title="bbox 35 1912 1052 2000; baseline 0.001 -22"><span class='ocrx_word' id='word_1_142' title='bbox 35 1935 99 1998; x_wconf 87' lang='lat' dir='ltr'>que</span> <span class='ocrx_word' id='word_1_143' title='bbox 133 1913 287 1978; x_wconf 88' lang='lat' dir='ltr'>mortales</span> <span class='ocrx_word' id='word_1_144' title='bbox 320 1913 483 1998; x_wconf 88' lang='lat' dir='ltr'>ignorant,</span> <span class='ocrx_word' id='word_1_145' title='bbox 520 1912 627 1977; x_wconf 92' lang='lat' dir='ltr'>animo</span> <span class='ocrx_word' id='word_1_146' title='bbox 665 1913 830 2000; x_wconf 82' lang='lat' dir='ltr'>cogitaret.</span> <span class='ocrx_word' id='word_1_147' title='bbox 886 1936 983 1998; x_wconf 90' lang='lat' dir='ltr'>quem</span> <span class='ocrx_word' id='word_1_148' title='bbox 1014 1919 1052 1978; x_wconf 88' lang='lat' dir='ltr'>tu</span> 
     </span>
     <span class='ocr_line' id='line_1_21' title="bbox 33 2002 1051 2087; baseline 0 -20"><span class='ocrx_word' id='word_1_149' title='bbox 33 2023 166 2087; x_wconf 90' lang='lat' dir='ltr'>quoque</span> <span class='ocrx_word' id='word_1_150' title='bbox 193 2003 291 2066; x_wconf 91' lang='lat' dir='ltr'>finem</span> <span class='ocrx_word' id='word_1_151' title='bbox 318 2005 459 2086; x_wconf 86' lang='lat' dir='ltr'>spectas,</span> <span class='ocrx_word' id='word_1_152' title='bbox 488 2005 526 2066; x_wconf 91' lang='lat' dir='ltr'>ut</span> <span class='ocrx_word' id='word_1_153' title='bbox 552 2002 647 2067; x_wconf 88' lang='lat' dir='ltr'>audio</span> <span class='ocrx_word' id='word_1_154' title='bbox 675 2007 709 2066; x_wconf 88' lang='lat' dir='ltr'>et</span> <span class='ocrx_word' id='word_1_155' title='bbox 739 2003 780 2068; x_wconf 91' lang='lat' dir='ltr'>ob</span> <span class='ocrx_word' id='word_1_156' title='bbox 809 2024 880 2068; x_wconf 89' lang='lat' dir='ltr'>eam</span> <span class='ocrx_word' id='word_1_157' title='bbox 907 2025 1051 2068; x_wconf 86' lang='lat' dir='ltr'>caussam</span> 
     </span>
     <span class='ocr_line' id='line_1_22' title="bbox 33 2089 1092 2178; baseline 0 -22"><span class='ocrx_word' id='word_1_158' title='bbox 33 2090 183 2156; x_wconf 88' lang='lat' dir='ltr'>futurum</span> <span class='ocrx_word' id='word_1_159' title='bbox 205 2089 353 2156; x_wconf 90' lang='lat' dir='ltr'>homines</span> <span class='ocrx_word' id='word_1_160' title='bbox 376 2094 588 2176; x_wconf 83' lang='lat' dir='ltr'>augurantur,</span> <span class='ocrx_word' id='word_1_161' title='bbox 611 2095 648 2154; x_wconf 87' lang='lat' dir='ltr'>ut</span> <span class='ocrx_word' id='word_1_162' title='bbox 671 2090 740 2155; x_wconf 86' lang='lat' dir='ltr'>eius</span> <span class='ocrx_word' id='word_1_163' title='bbox 763 2090 945 2178; x_wconf 83' lang='lat' dir='ltr'>dignitatis,</span> <span class='ocrx_word' id='word_1_164' title='bbox 969 2113 1050 2175; x_wconf 91' lang='lat' dir='ltr'>quae</span> <span class='ocrx_word' id='word_1_165' title='bbox 1065 2114 1092 2156; x_wconf 81' lang='lat' dir='ltr'>ao</span> 
     </span>
     <span class='ocr_line' id='line_1_23' title="bbox 33 2178 1049 2266; baseline -0.002 -21"><span class='ocrx_word' id='word_1_166' title='bbox 33 2200 181 2245; x_wconf 83' lang='lat' dir='ltr'>summac</span> <span class='ocrx_word' id='word_1_167' title='bbox 212 2179 360 2263; x_wconf 84' lang='lat' dir='ltr'>proxima</span> <span class='ocrx_word' id='word_1_168' title='bbox 391 2183 453 2264; x_wconf 86' lang='lat' dir='ltr'>est,</span> <span class='ocrx_word' id='word_1_169' title='bbox 484 2178 625 2266; x_wconf 89' lang='lat' dir='ltr'>insignia</span> <span class='ocrx_word' id='word_1_170' title='bbox 655 2179 748 2243; x_wconf 91' lang='lat' dir='ltr'>breui</span> <span class='ocrx_word' id='word_1_171' title='bbox 781 2179 911 2243; x_wconf 92' lang='lat' dir='ltr'>omnino</span> <span class='ocrx_word' id='word_1_172' title='bbox 942 2202 1049 2244; x_wconf 89' lang='lat' dir='ltr'>conse-</span> 
     </span>
     <span class='ocr_line' id='line_1_24' title="bbox 33 2267 1050 2353; baseline -0.004 -19"><span class='ocrx_word' id='word_1_173' title='bbox 33 2267 153 2353; x_wconf 84' lang='lat' dir='ltr'>quaris.</span> <span class='ocrx_word' id='word_1_174' title='bbox 200 2268 286 2352; x_wconf 91' lang='lat' dir='ltr'>quod</span> <span class='ocrx_word' id='word_1_175' title='bbox 322 2289 395 2332; x_wconf 91' lang='lat' dir='ltr'>cum</span> <span class='ocrx_word' id='word_1_176' title='bbox 432 2269 589 2351; x_wconf 88' lang='lat' dir='ltr'>euenerit,</span> <span class='ocrx_word' id='word_1_177' title='bbox 625 2267 772 2331; x_wconf 88' lang='lat' dir='ltr'>laetabor</span> <span class='ocrx_word' id='word_1_178' title='bbox 807 2267 948 2350; x_wconf 91' lang='lat' dir='ltr'>primum</span> <span class='ocrx_word' id='word_1_179' title='bbox 983 2272 1050 2350; x_wconf 90' lang='lat' dir='ltr'>tua,</span> 
     </span>
     <span class='ocr_line' id='line_1_25' title="bbox 33 2354 1048 2436; baseline -0.002 -16"><span class='ocrx_word' id='word_1_180' title='bbox 33 2357 150 2421; x_wconf 88' lang='lat' dir='ltr'>deinde</span> <span class='ocrx_word' id='word_1_181' title='bbox 174 2356 391 2422; x_wconf 89' lang='lat' dir='ltr'>communium</span> <span class='ocrx_word' id='word_1_182' title='bbox 417 2355 597 2420; x_wconf 90' lang='lat' dir='ltr'>studiorum</span> <span class='ocrx_word' id='word_1_183' title='bbox 620 2375 739 2419; x_wconf 91' lang='lat' dir='ltr'>caussa.</span> <span class='ocrx_word' id='word_1_184' title='bbox 786 2354 841 2436; x_wconf 94' lang='lat' dir='ltr'>qui</span> <span class='ocrx_word' id='word_1_185' title='bbox 865 2354 951 2417; x_wconf 91' lang='lat' dir='ltr'>enim</span> <span class='ocrx_word' id='word_1_186' title='bbox 974 2358 1048 2418; x_wconf 91' lang='lat' dir='ltr'>tuos</span> 
     </span>
     <span class='ocr_line' id='line_1_26' title="bbox 32 2440 1048 2529; baseline -0.005 -19"><span class='ocrx_word' id='word_1_187' title='bbox 32 2445 179 2529; x_wconf 88' lang='lat' dir='ltr'>impetus</span> <span class='ocrx_word' id='word_1_188' title='bbox 197 2445 237 2508; x_wconf 90' lang='lat' dir='ltr'>ad</span> <span class='ocrx_word' id='word_1_189' title='bbox 254 2444 382 2509; x_wconf 89' lang='lat' dir='ltr'>laudem</span> <span class='ocrx_word' id='word_1_190' title='bbox 400 2467 485 2508; x_wconf 90' lang='lat' dir='ltr'>nunc</span> <span class='ocrx_word' id='word_1_191' title='bbox 503 2443 650 2508; x_wconf 88' lang='lat' dir='ltr'>uidemus</span> <span class='ocrx_word' id='word_1_192' title='bbox 666 2447 804 2525; x_wconf 86' lang='lat' dir='ltr'>tuosque</span> <span class='ocrx_word' id='word_1_193' title='bbox 823 2440 919 2527; x_wconf 92' lang='lat' dir='ltr'>plane</span> <span class='ocrx_word' id='word_1_194' title='bbox 936 2463 1048 2506; x_wconf 88' lang='lat' dir='ltr'>sensus</span> 
     </span>
     <span class='ocr_line' id='line_1_27' title="bbox 34 2530 1089 2619; baseline -0.004 -21"><span class='ocrx_word' id='word_1_195' title='bbox 34 2532 264 2619; x_wconf 87' lang='lat' dir='ltr'>intelligimus,</span> <span class='ocrx_word' id='word_1_196' title='bbox 292 2555 346 2618; x_wconf 92' lang='lat' dir='ltr'>an,</span> <span class='ocrx_word' id='word_1_197' title='bbox 373 2533 431 2597; x_wconf 91' lang='lat' dir='ltr'>ubi</span> <span class='ocrx_word' id='word_1_198' title='bbox 459 2532 500 2597; x_wconf 91' lang='lat' dir='ltr'>ad</span> <span class='ocrx_word' id='word_1_199' title='bbox 526 2532 623 2597; x_wconf 89' lang='lat' dir='ltr'>istam</span> <span class='ocrx_word' id='word_1_200' title='bbox 650 2530 851 2595; x_wconf 88' lang='lat' dir='ltr'>uoluntatem</span> <span class='ocrx_word' id='word_1_201' title='bbox 874 2531 1049 2595; x_wconf 90' lang='lat' dir='ltr'>auctoritas</span> <span class='ocrx_word' id='word_1_202' title='bbox 1063 2553 1089 2595; x_wconf 78' lang='grc' dir='ltr'>ιι</span> 
     </span>
     <span class='ocr_line' id='line_1_28' title="bbox 33 2619 1048 2707; baseline 0 -22"><span class='ocrx_word' id='word_1_203' title='bbox 33 2625 133 2707; x_wconf 79' lang='lat' dir='ltr'>atque</span> <span class='ocrx_word' id='word_1_204' title='bbox 157 2642 237 2706; x_wconf 88' lang='lat' dir='ltr'>opes</span> <span class='ocrx_word' id='word_1_205' title='bbox 259 2622 464 2707; x_wconf 86' lang='lat' dir='ltr'>accesserint,</span> <span class='ocrx_word' id='word_1_206' title='bbox 490 2622 559 2686; x_wconf 85' lang='lat' dir='ltr'>fore</span> <span class='ocrx_word' id='word_1_207' title='bbox 583 2620 780 2702; x_wconf 88' lang='lat' dir='ltr'>dubitemus,</span> <span class='ocrx_word' id='word_1_208' title='bbox 810 2623 847 2683; x_wconf 94' lang='lat' dir='ltr'>ut</span> <span class='ocrx_word' id='word_1_209' title='bbox 874 2623 948 2685; x_wconf 88' lang='lat' dir='ltr'>ate</span> <span class='ocrx_word' id='word_1_210' title='bbox 976 2619 1048 2704; x_wconf 90' lang='lat' dir='ltr'>ipso</span> 
     </span>
     <span class='ocr_line' id='line_1_29' title="bbox 34 2707 1049 2794; baseline -0.001 -20"><span class='ocrx_word' id='word_1_211' title='bbox 34 2709 230 2776; x_wconf 82' lang='lat' dir='ltr'>dissentias?</span> <span class='ocrx_word' id='word_1_212' title='bbox 267 2710 466 2794; x_wconf 89' lang='lat' dir='ltr'>Praestabis,</span> <span class='ocrx_word' id='word_1_213' title='bbox 488 2708 636 2793; x_wconf 84' lang='lat' dir='ltr'>Alfonse,</span> <span class='ocrx_word' id='word_1_214' title='bbox 659 2714 696 2772; x_wconf 87' lang='lat' dir='ltr'>tu</span> <span class='ocrx_word' id='word_1_215' title='bbox 721 2708 850 2793; x_wconf 91' lang='lat' dir='ltr'>quidem</span> <span class='ocrx_word' id='word_1_216' title='bbox 873 2707 936 2772; x_wconf 91' lang='lat' dir='ltr'>alia</span> <span class='ocrx_word' id='word_1_217' title='bbox 959 2731 1049 2793; x_wconf 87' lang='lat' dir='ltr'>prae·</span> 
     </span>
     <span class='ocr_line' id='line_1_30' title="bbox 34 2796 1049 2884; baseline -0.003 -21"><span class='ocrx_word' id='word_1_218' title='bbox 34 2798 134 2884; x_wconf 81' lang='lat' dir='ltr'>clara,</span> <span class='ocrx_word' id='word_1_219' title='bbox 167 2803 202 2863; x_wconf 91' lang='lat' dir='ltr'>te</span> <span class='ocrx_word' id='word_1_220' title='bbox 232 2798 304 2882; x_wconf 90' lang='lat' dir='ltr'>ipso</span> <span class='ocrx_word' id='word_1_221' title='bbox 334 2798 464 2863; x_wconf 89' lang='lat' dir='ltr'>scilicet.</span> <span class='ocrx_word' id='word_1_222' title='bbox 480 2798 577 2884; x_wconf 88' lang='lat' dir='ltr'>digna</span> <span class='ocrx_word' id='word_1_223' title='bbox 606 2801 726 2881; x_wconf 91' lang='lat' dir='ltr'>tuaque</span> <span class='ocrx_word' id='word_1_224' title='bbox 757 2796 891 2882; x_wconf 85' lang='lat' dir='ltr'>familia,</span> <span class='ocrx_word' id='word_1_225' title='bbox 921 2797 955 2861; x_wconf 91' lang='lat' dir='ltr'>in</span> <span class='ocrx_word' id='word_1_226' title='bbox 986 2820 1049 2880; x_wconf 87' lang='lat' dir='ltr'>qua</span> 
     </span>
     <span class='ocr_line' id='line_1_31' title="bbox 35 2885 1048 2973; baseline -0.004 -21"><span class='ocrx_word' id='word_1_227' title='bbox 35 2887 150 2953; x_wconf 83' lang='lat' dir='ltr'>llorere</span> <span class='ocrx_word' id='word_1_228' title='bbox 174 2887 265 2952; x_wconf 88' lang='lat' dir='ltr'>uides</span> <span class='ocrx_word' id='word_1_229' title='bbox 286 2886 401 2951; x_wconf 87' lang='lat' dir='ltr'>heroes</span> <span class='ocrx_word' id='word_1_230' title='bbox 429 2886 623 2971; x_wconf 90' lang='lat' dir='ltr'>permultos,</span> <span class='ocrx_word' id='word_1_231' title='bbox 651 2885 755 2973; x_wconf 88' lang='lat' dir='ltr'>gloria</span> <span class='ocrx_word' id='word_1_232' title='bbox 782 2885 1048 2968; x_wconf 69' lang='lat' dir='ltr'>circumfluentes</span> 
     </span>
     <span class='ocr_line' id='line_1_32' title="bbox 35 2973 1089 3058; baseline -0.003 -17"><span class='ocrx_word' id='word_1_233' title='bbox 35 2975 168 3041; x_wconf 88' lang='lat' dir='ltr'>uirtutis</span> <span class='ocrx_word' id='word_1_234' title='bbox 196 2975 231 3039; x_wconf 90' lang='lat' dir='ltr'>in</span> <span class='ocrx_word' id='word_1_235' title='bbox 253 2975 360 3039; x_wconf 87' lang='lat' dir='ltr'>studio</span> <span class='ocrx_word' id='word_1_236' title='bbox 388 2975 518 3039; x_wconf 86' lang='lat' dir='ltr'>defixos.</span> <span class='ocrx_word' id='word_1_237' title='bbox 563 2975 702 3039; x_wconf 85' lang='lat' dir='ltr'>maxime</span> <span class='ocrx_word' id='word_1_238' title='bbox 730 2996 806 3038; x_wconf 88' lang='lat' dir='ltr'>uero</span> <span class='ocrx_word' id='word_1_239' title='bbox 835 2973 974 3058; x_wconf 87' lang='lat' dir='ltr'>gratiam</span> <span class='ocrx_word' id='word_1_240' title='bbox 1001 2994 1047 3036; x_wconf 89' lang='lat' dir='ltr'>re·</span> <span class='ocrx_word' id='word_1_241' title='bbox 1063 2997 1089 3038; x_wconf 82' lang='lat' dir='ltr'>ao</span> 
     </span>
     <span class='ocr_line' id='line_1_33' title="bbox 35 3061 1048 3148; baseline -0.001 -21"><span class='ocrx_word' id='word_1_242' title='bbox 35 3063 118 3129; x_wconf 77' lang='lat' dir='ltr'>feres</span> <span class='ocrx_word' id='word_1_243' title='bbox 146 3063 271 3148; x_wconf 89' lang='lat' dir='ltr'>optime</span> <span class='ocrx_word' id='word_1_244' title='bbox 302 3064 341 3127; x_wconf 91' lang='lat' dir='ltr'>de</span> <span class='ocrx_word' id='word_1_245' title='bbox 370 3068 403 3127; x_wconf 87' lang='lat' dir='ltr'>te</span> <span class='ocrx_word' id='word_1_246' title='bbox 433 3063 528 3128; x_wconf 87' lang='lat' dir='ltr'>merit</span> <span class='ocrx_word' id='word_1_247' title='bbox 514 3067 565 3128; x_wconf 88' lang='lat' dir='ltr'>tae</span> <span class='ocrx_word' id='word_1_248' title='bbox 593 3062 728 3126; x_wconf 89' lang='lat' dir='ltr'>Latinae</span> <span class='ocrx_word' id='word_1_249' title='bbox 755 3061 885 3146; x_wconf 86' lang='lat' dir='ltr'>linguae</span> <span class='ocrx_word' id='word_1_250' title='bbox 914 3082 1048 3144; x_wconf 89' lang='lat' dir='ltr'>eamque</span> 
     </span>
     <span class='ocr_line' id='line_1_34' title="bbox 35 3149 1048 3236; baseline -0.001 -19"><span class='ocrx_word' id='word_1_251' title='bbox 35 3151 260 3236; x_wconf 83' lang='lat' dir='ltr'>paullatimt</span> <span class='ocrx_word' id='word_1_252' title='bbox 229 3151 324 3216; x_wconf 88' lang='lat' dir='ltr'>Italia</span> <span class='ocrx_word' id='word_1_253' title='bbox 346 3153 460 3216; x_wconf 87' lang='lat' dir='ltr'>cedent</span> <span class='ocrx_word' id='word_1_254' title='bbox 446 3156 513 3216; x_wconf 90' lang='lat' dir='ltr'>tem</span> <span class='ocrx_word' id='word_1_255' title='bbox 540 3155 573 3216; x_wconf 84' lang='lat' dir='ltr'>et</span> <span class='ocrx_word' id='word_1_256' title='bbox 600 3151 677 3214; x_wconf 92' lang='lat' dir='ltr'>adt</span> <span class='ocrx_word' id='word_1_257' title='bbox 664 3149 879 3233; x_wconf 88' lang='lat' dir='ltr'>transalpinas</span> <span class='ocrx_word' id='word_1_258' title='bbox 901 3149 1048 3216; x_wconf 85' lang='lat' dir='ltr'>nationes</span> 
     </span>
     <span class='ocr_line' id='line_1_35' title="bbox 35 3238 1048 3329; baseline -0.003 -23"><span class='ocrx_word' id='word_1_259' title='bbox 35 3262 153 3329; x_wconf 82' lang='lat' dir='ltr'>magno</span> <span class='ocrx_word' id='word_1_260' title='bbox 186 3244 299 3306; x_wconf 93' lang='lat' dir='ltr'>nostro</span> <span class='ocrx_word' id='word_1_261' title='bbox 332 3240 484 3305; x_wconf 86' lang='lat' dir='ltr'>dedecore</span> <span class='ocrx_word' id='word_1_262' title='bbox 516 3240 561 3304; x_wconf 90' lang='lat' dir='ltr'>mi</span> <span class='ocrx_word' id='word_1_263' title='bbox 660 3261 710 3302; x_wconf 91' lang='lat' dir='ltr'>em</span> <span class='ocrx_word' id='word_1_264' title='bbox 747 3238 781 3302; x_wconf 95' lang='lat' dir='ltr'>in</span> <span class='ocrx_word' id='word_1_265' title='bbox 817 3260 908 3303; x_wconf 92' lang='lat' dir='ltr'>suam</span> <span class='ocrx_word' id='word_1_266' title='bbox 941 3240 1048 3303; x_wconf 90' lang='lat' dir='ltr'>sedem</span> 
     </span>
     <span class='ocr_line' id='line_1_36' title="bbox 36 3243 1048 3428; baseline -0.006 -32"><span class='ocrx_word' id='word_1_267' title='bbox 36 3328 298 3412; x_wconf 84' lang='lat' dir='ltr'>domiciliumque</span> <span class='ocrx_word' id='word_1_268' title='bbox 335 3329 511 3393; x_wconf 86' lang='lat' dir='ltr'>reuocabis.</span> <span class='ocrx_word' id='word_1_269' title='bbox 562 3243 661 3393; x_wconf 50' lang='lat' dir='ltr'>{ruins</span> <span class='ocrx_word' id='word_1_270' title='bbox 674 3327 819 3428; x_wconf 38' lang='lat' dir='ltr'>,gloriae</span> <span class='ocrx_word' id='word_1_271' title='bbox 856 3349 980 3412; x_wconf 88' lang='lat' dir='ltr'>caussa,</span> <span class='ocrx_word' id='word_1_272' title='bbox 1021 3327 1048 3391; x_wconf 93' lang='lat' dir='ltr'>si</span> 
     </span>
     <span class='ocr_line' id='line_1_37' title="bbox 36 3415 1087 3515; baseline -0.009 -32"><span class='ocrx_word' id='word_1_273' title='bbox 36 3418 215 3485; x_wconf 85' lang='lat' dir='ltr'>monendus</span> <span class='ocrx_word' id='word_1_274' title='bbox 239 3440 285 3503; x_wconf 90' lang='lat' dir='ltr'>es,</span> <span class='ocrx_word' id='word_1_275' title='bbox 308 3417 501 3482; x_wconf 85' lang='lat' dir='ltr'>monitorem</span> <span class='ocrx_word' id='word_1_276' title='bbox 524 3416 564 3480; x_wconf 90' lang='lat' dir='ltr'>ad</span> <span class='ocrx_word' id='word_1_277' title='bbox 586 3421 632 3500; x_wconf 89' lang='lat' dir='ltr'>te,</span> <span class='ocrx_word' id='word_1_278' title='bbox 655 3415 706 3480; x_wconf 90' lang='lat' dir='ltr'>sin</span> <span class='ocrx_word' id='word_1_279' title='bbox 729 3417 902 3502; x_wconf 86' lang='lat' dir='ltr'>rogandus,</span> <span class='ocrx_word' id='word_1_280' title='bbox 926 3415 1048 3515; x_wconf 83' lang='lat' dir='ltr'>suppli·</span> <span class='ocrx_word' id='word_1_281' title='bbox 1061 3433 1087 3476; x_wconf 80' lang='grc' dir='ltr'>ιι</span> 
     </span>
     <span class='ocr_line' id='line_1_38' title="bbox 37 3470 1048 3583; baseline -0.009 -11"><span class='ocrx_word' id='word_1_282' title='bbox 37 3526 104 3574; x_wconf 87' lang='lat' dir='ltr'>cem</span> <span class='ocrx_word' id='word_1_283' title='bbox 125 3506 220 3574; x_wconf 91' lang='lat' dir='ltr'>uolui</span> <span class='ocrx_word' id='word_1_284' title='bbox 244 3470 373 3571; x_wconf 89' lang='lat' dir='ltr'>mittere</span> <span class='ocrx_word' id='word_1_285' title='bbox 396 3505 661 3571; x_wconf 87' lang='lat' dir='ltr'>commentarium</span> <span class='ocrx_word' id='word_1_286' title='bbox 687 3504 774 3570; x_wconf 91' lang='lat' dir='ltr'>hunc</span> <span class='ocrx_word' id='word_1_287' title='bbox 796 3526 903 3570; x_wconf 90' lang='lat' dir='ltr'>mcum</span> <span class='ocrx_word' id='word_1_288' title='bbox 925 3503 960 3566; x_wconf 93' lang='lat' dir='ltr'>in</span> <span class='ocrx_word' id='word_1_289' title='bbox 983 3501 1048 3583; x_wconf 90' lang='lat' dir='ltr'>epi-</span> 
     </span>
    </p>
   </div>
   <div class='ocr_carea' id='block_1_4' title="bbox 35 3586 1048 3676">
    <p class='ocr_par' dir='ltr' id='par_1_4' title="bbox 35 3586 1048 3676">
     <span class='ocr_line' id='line_1_39' title="bbox 35 3586 1048 3676; baseline -0.013 -13"><span class='ocrx_word' id='word_1_290' title='bbox 35 3596 134 3663; x_wconf 72' lang='lat' dir='ltr'>stolas</span> <span class='ocrx_word' id='word_1_291' title='bbox 158 3595 201 3662; x_wconf 89' lang='lat' dir='ltr'>ad</span> <span class='ocrx_word' id='word_1_292' title='bbox 222 3593 266 3659; x_wconf 90' lang='grc' dir='ltr'>Μ.</span> <span class='ocrx_word' id='word_1_293' title='bbox 284 3595 479 3660; x_wconf 89' lang='lat' dir='ltr'>Brutumet</span> <span class='ocrx_word' id='word_1_294' title='bbox 502 3593 542 3659; x_wconf 90' lang='lat' dir='ltr'>ad</span> <span class='ocrx_word' id='word_1_295' title='bbox 565 3592 623 3672; x_wconf 82' lang='lat' dir='ltr'>Qu.</span> <span class='ocrx_word' id='word_1_296' title='bbox 647 3594 711 3658; x_wconf 81' lang='lat' dir='ltr'>frat</span> <span class='ocrx_word' id='word_1_297' title='bbox 697 3597 787 3658; x_wconf 92' lang='lat' dir='ltr'>t.rem</span> <span class='ocrx_word' id='word_1_298' title='bbox 811 3592 866 3676; x_wconf 94' lang='lat' dir='ltr'>qui</span> <span class='ocrx_word' id='word_1_299' title='bbox 890 3611 963 3654; x_wconf 89' lang='lat' dir='ltr'>curn</span> <span class='ocrx_word' id='word_1_300' title='bbox 985 3586 1048 3651; x_wconf 88' lang='lat' dir='ltr'>tibi</span> 
     </span>
    </p>
   </div>
   <div class='ocr_carea' id='block_1_5' title="bbox 0 0 1235 3862">
    <p class='ocr_par' dir='ltr' id='par_1_5' title="bbox 0 0 1235 3862">
     <span class='ocr_line' id='line_1_40' title="bbox 0 0 1235 3862; baseline 0 0"><span class='ocrx_word' id='word_1_301' title='bbox 0 0 1235 3862; x_wconf 95' lang='lat' dir='ltr'> </span> 
     </span>
    </p>
   </div>
  </div>
 </body>
</html>
