2452 3862
153 111 198 175 22
524 110 583 166 ΧΠ.
602 109 676 166 Vide
695 110 814 174 1111110,>

146 272 285 339 Bunello
303 276 415 337 nostro
435 294 603 359 nauemus,
621 277 658 337 ut
676 272 765 337 illius
783 295 902 338 nomen
920 273 1180 341 immortalitate

148 361 374 448 dignissimum
408 361 556 448 extingui
587 362 717 426 mortali
750 383 823 426 cum
858 383 992 446 corpore
1029 384 1104 428 non
1140 365 1179 430 si-

148 472 271 515 namus.
310 449 567 550 11110111111111111
591 451 694 515 enitar
722 453 754 514 et
777 450 918 515 hominis
941 449 1023 514 mihi
1049 453 1180 518 amicis-

148 538 232 623 simi,
255 537 371 602 summi
389 539 452 602 urri
475 539 672 622 memoriam,
695 538 723 603 si
746 539 841 604 modo
865 539 894 604 is
917 560 978 624 ego
1002 561 1096 626 sum,
1123 543 1179 626 qui

120 630 278 691 stantum
304 630 469 711 praestare
497 627 635 711 possim,
663 628 809 710 profecto
838 627 879 690 ab
907 626 1046 692 interitu
1068 629 1179 695 uindi-

149 715 238 780 cabo.
283 715 378 779 uideo
401 718 435 778 te
458 714 493 779 in
510 715 577 779 tuis
595 714 715 780 litteris
737 715 823 780 idem
844 715 939 800 uelle,
961 737 1021 781 nec
1045 716 1179 804 dubito,

149 803 229 888 quin
247 803 362 888 possis.
399 825 473 868 nam
494 807 527 867 et
545 803 718 869 Bunellum
737 825 826 868 amas
843 807 1008 868 mortuum
1029 809 1064 868 et
1085 807 1178 872 uales

148 892 325 976 plurimum
348 892 489 978 ingenio,
512 892 599 976 quod
623 892 720 957 etiam
743 893 849 977 pietas
873 892 1041 958 excitabit.
1083 895 1178 960 cuius

148 980 247 1044 officii
271 980 406 1045 societas
430 1002 467 1045 1ο
491 981 615 1066 gratior
637 981 768 1065 utrique
791 983 939 1046 nostrum
967 1002 1038 1046 esse
1064 982 1177 1070 debet,

112 1089 138 1130 ro
153 1069 239 1153 quod
266 1091 339 1133 eum
366 1069 453 1153 apud
480 1068 561 1133 alios
583 1068 757 1133 laudabilis
779 1069 919 1134 maxime
943 1068 1019 1155 erit,
1048 1069 1174 1138 illustri

148 1157 298 1241 exemplo
326 1157 449 1243 gratiae
477 1157 675 1244 referendae,
706 1161 777 1221 tum
809 1158 850 1222 ad
881 1157 1005 1222 animos
1039 1165 1175 1226 nostros

147 1268 255 1311 amore
278 1245 520 1332 coniungendos
547 1249 741 1331 aeternaque
767 1245 1003 1311 necessitudine
1035 1249 1175 1336 conglu-

146 1335 296 1401 tinandos
328 1334 403 1419 plus
434 1335 543 1399 ualere
575 1334 657 1399 nihil
680 1338 798 1419 potest.
843 1334 981 1418 Reliqua
1012 1341 1112 1401 erant
1139 1337 1173 1402 in

148 1424 286 1507 epistola
312 1428 370 1488 tua
400 1423 571 1509 magnifica
600 1423 756 1507 quaedam
788 1427 821 1487 et
851 1423 1016 1510 eleganter
1045 1425 1172 1510 scripta

108 1531 134 1573 rs
148 1513 186 1577 de
208 1511 361 1576 laudibus
380 1511 525 1594 parentis
548 1512 621 1598 mei,
641 1533 723 1595 quae
746 1511 915 1576 uerissima
934 1512 1050 1598 fateor,
1076 1536 1173 1598 quae

147 1601 221 1664 dam
244 1600 342 1664 etiam
365 1600 403 1662 de
426 1622 477 1664 me
500 1599 588 1684 ips0,
616 1622 697 1683 quae
720 1622 786 1664 non
809 1622 957 1686 agnosce.
1003 1622 1084 1665 nam
1109 1602 1172 1667 etsi

146 1688 219 1773 tibi,
246 1686 449 1752 nobilissimo
478 1687 673 1752 adolescenti
701 1688 813 1753 multis
841 1710 908 1753 non
935 1687 1042 1753 solum
1068 1690 1172 1756 fortu-

146 1797 216 1861 nae,
239 1775 295 1839 sed
318 1775 416 1839 etiam
438 1779 572 1840 naturae
602 1775 831 1861 doctrinaeque
860 1776 954 1841 bonis
983 1782 1105 1843 ornato
1130 1783 1170 1864 et,

148 1863 234 1948 quod
252 1868 351 1947 caput
370 1868 428 1949 111,
450 1863 584 1928 uirtutis
603 1864 733 1948 amanti,
752 1864 879 1948 placere
897 1864 1038 1929 maxime
1056 1867 1171 1952 uelim,

110 1974 136 2013 11
150 1958 259 2017 tamen
283 1951 358 2035 quia
384 1974 478 2017 nemo
507 1952 611 2016 adhuc
636 1975 654 2016 1
676 1975 728 2017 me
751 1953 813 2018 hoe
836 1953 1042 2039 impetrauit,
1065 1960 1107 2020 ut
1132 1973 1168 2021 ea

147 2040 227 2106 mihi
246 2040 463 2127 adsciscerem,
482 2063 563 2125 quae
582 2064 653 2106 mea
666 2063 733 2106 non
751 2045 867 2128 essent,
886 2046 1007 2126 patere,
1027 2043 1167 2110 obsecro

147 2134 194 2216 te,
222 2130 260 2195 de
289 2152 339 2194 me
367 2129 440 2215 ipso
469 2130 549 2195 mihi
576 2130 687 2215 potius
714 2152 765 2194 me
794 2130 935 2216 credere,
964 2152 1062 2214 quam
1095 2133 1168 2198 tibi.

148 2219 234 2304 quod
257 2218 285 2284 si
308 2218 461 2303 cupidum
484 2241 553 2283 1111
569 2218 674 2283 laudis
697 2219 825 2283 laudem
848 2240 917 2284 esse
940 2218 1000 2304 uia,
1024 2219 1093 2285 isto
1118 2243 1169 2286 me

146 2308 223 2372 licet
244 2307 374 2373 nomine
393 2329 458 2372 non
482 2311 676 2392 contemnas,
701 2307 788 2391 quod
811 2330 857 2393 ea,
881 2329 962 2391 quae
985 2307 1115 2373 habent
1138 2310 1170 2394 ii,

107 2413 134 2455 11
150 2395 207 2480 qui
229 2394 409 2458 laudabiles
432 2395 602 2479 ducuntur,
625 2417 685 2482 ego
710 2396 820 2461 eadem
847 2399 885 2460 ut
908 2396 1063 2461 haberem
1090 2420 1170 2464 sem·

149 2505 209 2566 per
226 2481 381 2546 laboraui.
419 2482 475 2546 sed
493 2483 555 2548 seis
569 2482 653 2547 uelle
673 2487 705 2548 et
723 2485 877 2569 perficere
896 2506 962 2549 non
981 2484 1069 2550 idem
1090 2509 1171 2553 esse.

148 2570 286 2635 alterum
309 2570 470 2657 contingit
497 2571 622 2658 multis,
645 2571 782 2638 alterum
810 2574 979 2637 dumtaxat
1001 2572 1057 2660 iis,
1089 2598 1172 2661 quos

149 2658 194 2723 dii
218 2658 351 2746 diligere
374 2663 538 2743 putantur.
577 2683 714 2745 quorum
733 2684 793 2748 ego
812 2665 845 2725 te
868 2661 903 2725 in
920 2682 1066 2749 numero,
1087 2665 1173 2750 opti-

148 2770 200 2812 me
222 2746 320 2833 Vide,
347 2749 525 2832 praestanti
552 2753 668 2814 natura
695 2749 892 2834 praeditum,
919 2749 1051 2815 Bunelli
1081 2775 1173 2837 prae·

107 2857 135 2897 so
149 2836 253 2922 ceptis
275 2837 497 2991 inforgsrftum,
516 2837 641 2902 confido
664 2838 757 2903 facile
776 2839 930 2903 futurum.
957 2837 1050 2904 Vale.
1066 2839 1175 2908 Vene

149 2925 213 2990 tiis.
236 2925 359 2991 MDXL
408 2977 414 2990 .
