2452 3862
175 149 240 215 158
447 145 595 202 LXXVIII.
623 144 742 202 Camillo
760 144 917 201 Palaeotto.

173 311 324 399 negotiis.
371 308 626 376 commentarios
653 308 688 373 in
711 306 879 394 epistolas,
907 329 991 391 quae
1014 306 1186 378 familiares

174 401 337 484 dicuntur,
360 398 506 463 conuicio
530 398 595 463 iam
617 419 721 483 prope
745 396 955 482 efflagitatas,
983 395 1106 462 debere
1128 401 1186 462 stu·

174 489 273 554 diosis
296 486 418 552 diutius
444 487 501 552 uix
529 507 670 571 possum.
716 486 749 553 id
771 506 857 550 nunc
880 485 1005 572 cogito,
1030 484 1074 549 ad
1097 507 1185 570 quen

174 577 354 641 mittantur.
400 599 441 640 an
464 577 504 639 ad
528 597 615 659 eum,
644 573 699 658 qui
727 597 779 640 me
807 574 936 639 ornauit
959 595 998 639 ea
1021 573 1185 660 dignitate,

147 685 248 729 soum
271 686 335 749 qua
357 665 464 729 nullas
487 686 565 748 opes
589 663 741 729 confero?
779 666 816 729 tu
839 666 959 729 statue:
983 663 1025 727 ad
1048 667 1083 727 te
1108 662 1185 728 enim

173 754 292 839 refero,
321 753 374 820 cui
401 753 454 818 uel
481 752 654 837 prudentia
683 752 738 818 uel
765 773 872 817 amore
900 773 979 840 erga
1006 773 1069 816 nos
1097 771 1184 837 quem

173 846 378 928 anteponam,
400 842 506 907 habeo
529 841 699 907 neminem.
735 839 824 907 Vale.
860 839 1020 927 Venetiis,
1042 839 1099 906 XI.
1121 838 1184 906 Kal

173 930 252 996 Maii
274 929 468 996 MDLXXII.
1166 931 1168 934 ’

575 1153 789 1162 ...u-*-

597 1443 770 1510 LXXVIII.

136 1605 163 1644 10
298 1587 461 1653 Camillo
488 1586 694 1652 Palaeotto
721 1586 934 1652 Bononiam
958 1594 1022 1663 (XI,
1038 1596 1073 1662 6).

265 1729 348 1815 Agri
370 1729 484 1812 uestri,
509 1728 535 1794 si
559 1728 702 1814 quidem,
725 1732 762 1793 ut
785 1727 915 1812 scribis,
937 1726 1103 1793 imbribus
1124 1724 1183 1792 ini·

177 1818 247 1903 gari
278 1817 385 1900 coepti
418 1821 506 1900 sunt,
538 1817 684 1903 meliore,
716 1839 813 1902 quam
844 1816 963 1901 nostri,
999 1815 1058 1901 qui
1089 1814 1184 1881 adhue

177 1905 270 1968 ualde
303 1904 432 1990 sitiunt,
468 1905 547 1969 caeli
579 1927 711 1971 munere
742 1908 902 1971 fruuntur.
958 1904 998 1970 de
1030 1903 1185 1970 uindemia

177 1997 299 2074 tamen,
336 1992 423 2076 quod
460 1993 500 2057 ad
536 1993 717 2060 bonitatem
753 1994 1004 2079 firmitatemque
1043 1994 1185 2060 uinorum

138 2097 164 2139 1⁵
178 2080 310 2166 attinet,
337 2082 419 2146 bene
444 2088 600 2167 speratur.
647 2083 685 2148 de
708 2083 803 2167 copia
825 2084 894 2148 fore
917 2086 1044 2148 certum
1067 2084 1130 2167 est,
1154 2083 1186 2145 ut

176 2194 243 2237 non
272 2172 481 2237 abundemus
528 2172 600 2258 Ego
629 2194 696 2237 non
725 2171 905 2256 expectatis
934 2171 1100 2236 imbribus
1128 2171 1186 2236 iam

177 2260 352 2326 sarcinulas
382 2260 588 2347 collegeram,
620 2265 656 2326 ut
688 2261 723 2325 in
752 2261 839 2326 uiam
867 2282 919 2326 me
949 2260 1074 2346 darem3
1110 2257 1187 2324 nihil

177 2350 264 2414 enim
296 2353 364 2414 erat
396 2349 519 2437 potius,
556 2372 652 2434 quam
688 2354 726 2414 ut
758 2349 888 2415 domum
919 2349 1059 2415 redirem
1091 2369 1187 2434 eoque

177 2438 293 2502 itinere
320 2442 353 2501 te
381 2438 524 2503 uiderem
550 2443 583 2503 et
611 2437 758 2503 uillulam
785 2443 889 2521 tuam,
917 2441 1058 2522 utroque
1084 2442 1189 2503 autem

138 2526 314 2611 afruerer,
342 2527 495 2610 quamdiu
521 2549 580 2610 per
608 2528 683 2592 anni
710 2531 840 2612 tempus
866 2527 987 2591 liceret.
1034 2527 1091 2592 sed
1114 2525 1189 2592 uicit

178 2613 349 2679 eonsilium
371 2636 479 2677 meum
499 2613 715 2681 Cardinalium
737 2616 897 2681 uoluntas.
935 2637 1076 2699 quorum
1095 2636 1190 2700 opera

179 2708 228 2768 est
247 2703 405 2787 effectum,
422 2708 460 2767 ut
480 2701 654 2790 Gregorius
672 2703 758 2770 XIII.
776 2704 871 2769 Pont.
889 2704 984 2788 Max,
1007 2705 1065 2789 qui
1084 2709 1190 2770 tamen

178 2815 236 2858 sua
264 2795 380 2876 sponte
409 2792 560 2858 liberales
591 2793 777 2878 disciplinas
806 2793 889 2859 miro
917 2792 1059 2876 quodam
1086 2792 1190 2859 studio

178 2881 399 2967 amplectitur,
424 2884 528 2967 fouet,
556 2882 628 2966 alit,
654 2881 832 2947 honorifico
855 2903 907 2946 me
931 2881 1096 2966 stipendio
1122 2881 1190 2948 reti·

140 2985 166 3026 2⁵
178 2972 319 3035 nendum
355 2971 529 3054 putauerit.
588 2971 651 3035 Hie
686 2971 789 3057 igitur
825 2971 971 3058 cogimur
1007 2971 1191 3053 consistere,

178 3059 327 3144 libenter,
351 3063 388 3123 ut
405 3060 537 3146 Romae,
560 3059 594 3123 in
615 3082 739 3124 summa
757 3060 946 3124 celebritate
965 3062 997 3123 et
1016 3060 1191 3126 amicorum

179 3146 285 3230 copia,
317 3147 426 3234 inuiti,
459 3152 496 3213 ut
527 3171 546 3212 a
576 3153 609 3213 te
641 3148 806 3232 disiuncti,
838 3148 929 3214 cuius
961 3149 1190 3214 consuetudine

177 3256 244 3300 non
268 3235 366 3298 semel
388 3242 445 3300 aut
463 3237 590 3324 iterum,
613 3237 668 3302 sed
686 3241 845 3322 perpetuo
865 3236 999 3303 aestiuis
1017 3238 1191 3318 mensibus

179 3345 314 3389 amoena
331 3324 471 3412 regione,
494 3326 632 3392 iucundo
652 3327 727 3412 otio,
750 3348 824 3392 cum
843 3325 1070 3393 communibus
1094 3326 1190 3393 musis

136 3412 242 3477 renui
267 3412 498 3500 cogitabamus.
535 3415 597 3480 hoc
615 3420 723 3479 tamen
742 3415 899 3500 quidquid
922 3419 971 3479 est
990 3414 1191 3497 incommodi,

159 3524 233 3569 non
255 3503 343 3572 illud
368 3503 504 3593 quidem
528 3503 673 3593 penitus,
692 3504 752 3570 sed
766 3504 876 3587 euque
894 3503 1010 3567 saltem
1033 3509 1190 3589 exparte,
