2452 3862
429 217 524 274 XLIX.
547 217 593 273 Ad
610 217 691 272 Pium
709 216 755 274 IV.
1033 217 1097 280 105

86 374 281 463 peruenerit.
313 373 456 465 quicum
475 385 558 445 esset
577 403 614 445 ea
627 384 734 444 mente
753 377 928 464 praeditus,
952 383 988 442 ut
1005 401 1100 442 nemo

88 490 240 553 umquam
258 469 362 555 magis
382 470 420 533 de
440 469 581 533 ornanda
600 468 740 554 egregiis
759 467 981 532 cardinalibus
1006 467 1102 530 eccle-

88 557 135 620 sia
164 557 369 643 cogitauerit,
397 578 434 621 eo
465 557 596 642 iudicio,
627 560 664 620 ut
686 578 781 621 nemo
809 556 843 619 in
871 554 996 619 delectu
1020 576 1102 618 erra-

88 645 172 709 uerit
194 644 314 731 minus,
338 649 517 710 commotus
544 645 720 709 multorum
741 665 807 708 non
835 643 932 707 dubio
957 664 1101 707 sermone

87 732 303 818 Reginaldum
326 733 442 797 Polum
466 733 655 817 disciplinae
678 731 877 796 Christianae
901 731 1101 795 renouandae
1128 753 1141 794 5

88 843 199 884 caussa
223 843 296 885 cum
319 821 559 905 praestantibus
578 821 702 906 aliquot
720 820 800 885 uiris
818 820 858 902 ad
876 818 1000 884 Vrbem
1024 819 1102 883 acci·

88 909 137 973 uit
161 931 298 992 eumque
321 909 431 993 paullo
454 914 529 993 post
551 931 617 974 non
640 912 818 994 petentem,
841 930 907 973 non
926 911 1102 992 optantem,

88 1018 191 1080 prope
220 997 317 1061 ctiam
346 1001 546 1062 recusantem
579 996 780 1062 Cardinalem
808 996 936 1061 creauit.
982 995 1021 1059 ln
1042 996 1103 1059 hac

89 1085 257 1171 dignitate,
281 1107 354 1150 cum
373 1085 453 1151 ahos
472 1090 575 1171 antea,
598 1108 631 1150 se
650 1085 758 1169 ipsum
777 1085 857 1150 uicit
880 1084 967 1151 omni
985 1105 1102 1171 genere

87 1174 198 1237 laudis
246 1172 369 1239 Omitto
393 1173 590 1260 singularem
613 1174 711 1259 illam,
735 1173 786 1237 cui
808 1196 869 1256 par
887 1173 990 1238 oratio
1013 1172 1103 1236 nulla
1118 1197 1143 1235 ro

88 1262 222 1345 reperiri
237 1267 359 1346 potest,
377 1262 412 1326 in
426 1263 521 1326 caede
535 1262 647 1326 matris
661 1261 867 1325 acerbissima
880 1261 1103 1326 fortitudinem

88 1354 185 1432 atque
210 1349 430 1413 constantiam.
476 1349 606 1413 unicum
633 1348 681 1412 illi
705 1353 816 1412 contra
839 1370 949 1412 omnes
971 1347 1104 1410 iniurias

90 1459 263 1520 omnesque
287 1437 485 1501 calamitates
506 1436 702 1501 conscientia
724 1435 920 1519 praesidium
938 1436 1001 1499 fuit
1020 1439 1052 1498 et
1070 1435 1105 1498 in

91 1524 234 1588 aduersis
258 1526 356 1589 rebus
379 1525 443 1589 iam
466 1529 561 1589 antea
584 1524 738 1589 didicerat
761 1545 828 1588 esse
852 1524 954 1588 fortis.
1000 1524 1105 1609 graui-

90 1617 191 1676 tatem
206 1613 356 1677 eximiam
375 1613 446 1696 pari
460 1613 611 1678 comitate
630 1612 800 1698 conditam,
818 1611 1105 1697 mansuetudinem,
1118 1634 1145 1674 15

90 1701 304 1786 prudentiam,
324 1701 559 1787 benignitatem
578 1700 613 1765 in
631 1701 829 1765 subleuanda
851 1701 1041 1765 miserorum
1059 1700 1105 1763 in·

92 1789 168 1873 opia
198 1812 265 1854 non
296 1789 431 1876 attingo.
478 1789 659 1855 communia
691 1789 756 1854 sint
788 1790 883 1874 haec,
919 1789 953 1852 in
986 1789 1105 1872 quibus

91 1883 201 1942 tamen
224 1878 399 1962 praecipua
422 1879 560 1962 quadarn
582 1878 676 1942 laude
699 1878 797 1943 Polus
821 1877 986 1942 excelluit:
1009 1876 1104 1941 uenio

92 1966 133 2028 ad
160 1966 206 2050 id,
234 1967 320 2048 quod
346 1989 365 2029 a
388 1964 565 2030 cardinalis
587 1961 731 2050 ‘persona
758 1966 889 2050 proprie
913 1966 1104 2049 postulatur.

93 2052 192 2133 Nam,
220 2053 277 2116 ubi
300 2053 442 2136 primum
464 2054 642 2118 sacerdotio
670 2058 719 2119 est
742 2059 874 2118 ornatus
897 2053 1105 2138 amplissimo,
1120 2076 1146 2115 1ο

93 2162 158 2203 non
182 2140 237 2203 ille
260 2145 410 2226 mentem,
432 2145 469 2204 ut
491 2139 595 2224 multi,
618 2163 691 2205 cum
714 2142 844 2204 fortuna
866 2141 1018 2224 mutauit,
1040 2163 1106 2204 non

95 2228 228 2292 sericam
252 2232 384 2313 uestem,
408 2249 474 2292 non
498 2233 683 2313 argenteam
702 2228 945 2311 supellectilem,
967 2249 1033 2291 non
1056 2228 1106 2290 de-

93 2315 191 2400 nique
220 2315 378 2380 illustrem
401 2315 542 2399 aliquam
565 2319 621 2379 aut
644 2315 786 2399 opimam
809 2314 994 2398 prouinciae
1018 2336 1106 2398 prae

94 2406 251 2468 secturam
278 2403 454 2489 appetiuit,
485 2403 541 2468 sed
569 2407 730 2468 contemta
758 2425 890 2487 prorsus
916 2425 1023 2467 rerum
1050 2404 1107 2466 hu-

92 2514 259 2556 manarum
283 2492 388 2576 specie
412 2492 522 2556 diuina
540 2492 658 2578 studia,
688 2513 768 2576 quae
791 2496 886 2556 antea
908 2513 973 2556 non
991 2491 1106 2555 leuiter
1120 2513 1149 2553 rs

93 2581 259 2666 attigerat,
282 2586 352 2646 toto
379 2585 509 2665 pectore
533 2580 722 2664 complexus
745 2579 784 2643 de
806 2580 925 2644 tuenda
943 2579 1106 2644 Pontificii

94 2668 174 2731 iuris
196 2668 377 2754 maiestate,
405 2669 443 2732 de
466 2669 613 2754 augenda
635 2669 720 2732 inter
741 2668 888 2732 homines
910 2668 972 2731 Dei
995 2667 1107 2751 gloria,

97 2755 135 2817 de
154 2754 344 2818 illustranda
371 2755 508 2819 ueritate
532 2755 600 2820 dies
621 2761 796 2839 noctesque
820 2755 963 2841 cogitare
991 2754 1106 2834 coepit.

95 2847 252 2928 quantum
275 2842 360 2906 enim
383 2843 418 2906 in
441 2863 478 2906 ea
500 2843 717 2927 philosophia,
741 2864 822 2926 quae
845 2865 864 2904 a
887 2841 1035 2904 sensibus
1054 2839 1108 2903 du-

95 2933 191 3016 citur,
219 2929 336 2994 erroris
359 2930 437 2994 insit
456 2935 553 3014 atque
576 2930 798 3014 obscuritatis,
830 2950 903 2992 cum
926 2932 1020 2990 antea
1042 2948 1108 2991 non
1121 2952 1149 2992 so

94 3021 289 3105 ignorasset,
317 3022 387 3082 tum
410 3039 487 3083 uero
510 3023 599 3083 totus
627 3016 667 3080 ad
690 3038 761 3080 eam
783 3014 1024 3098 philosophiam
1047 3020 1108 3079 tra-

95 3109 224 3191 duetus,
251 3128 332 3190 quae
360 3105 546 3170 caelestium
577 3105 737 3168 bonorum
768 3103 984 3187 cognitionem
1013 3104 1108 3189 parit,

95 3195 270 3259 clarissime
300 3193 477 3277 perspexit.
527 3193 592 3256 iam
624 3191 723 3275 illam,
755 3211 848 3274 quae·
873 3189 1037 3275 colligitur
1069 3213 1109 3254 ex

94 3284 261 3348 rhetorum
275 3281 466 3366 praeceptis,
481 3279 706 3364 eloquentiam,
719 3278 754 3341 in
769 3299 832 3361 qua
845 3282 973 3360 praeter
987 3282 1109 3340 ceteros

95 3363 195 3435 antea'
206 3372 373 3454 floruerat,
394 3368 540 3455 neglexit
558 3366 689 3451 penitus
707 3366 899 3449 inanemque
918 3364 1019 3446 duxit,
1037 3385 1110 3426 cum
1124 3387 1153 3427 aa

97 3481 259 3524 sacromm
286 3458 446 3522 librorum
478 3477 574 3521 uoces
605 3475 672 3517 non
703 3453 829 3516 aurium
857 3449 1019 3530 uoluptati
1048 3470 1111 3513 ser-

97 3546 236 3633 uientes,
265 3545 320 3610 sed
348 3545 388 3609 ad
415 3544 547 3608 intimas
575 3541 756 3606 animorum
787 3543 897 3621 partes
928 3535 1112 3603 incredibili
