2452 3862
124 107 168 173 28
446 104 520 160 XIV.
541 103 653 176 [loanni
673 100 819 172 sturmio}

123 270 216 336 licuit
244 268 330 334 enim
353 270 438 331 certe
461 265 564 330 multo
588 264 709 346 minus,
732 284 828 348 quam
851 262 1010 327 uolebam.
1040 284 1153 330 unum

124 361 151 424 si
175 357 273 443 addis,
296 361 333 420 ut
352 355 519 441 ingenium
537 359 639 440 tuum,
663 374 727 436 quo
744 352 871 416 nullum
890 350 957 415 uidi
976 357 1152 435 praestan·

124 448 204 530 tius,
226 445 380 531 languere
403 467 469 509 non
493 443 578 508 sinas
602 446 635 506 et
658 441 717 506 otii
739 440 789 504 tui
812 439 970 504 rationem
993 446 1152 508 constare

125 534 216 618 uelis,
238 535 299 598 hoc
323 537 381 617 est,
404 537 441 597 ut
463 530 662 618 aggrediaris
685 528 948 593 adscribendum
971 528 1028 592 illa
1051 553 1150 614 prae·

97 624 226 707 111111,
248 644 330 707 quae
357 626 389 686 te
413 621 508 685 audio
531 620 597 684 tuis
619 618 833 683 familiaribus
856 640 925 682 esse
948 618 1148 705 pollicitum,

125 707 190 795 1111,
213 711 241 776 11
264 712 328 775 iam
351 710 453 774 hebes
475 709 553 773 insti
570 711 635 794 uta,
658 707 822 792 perpolies
849 706 1088 791 nobiscumque
1114 715 1147 774 et

125 823 198 865 cum
216 799 407 885 posteritate
427 797 654 863 communices:
672 818 732 860 nae
750 799 797 882 tu,
817 793 977 880 [Sturmi],
996 798 1147 863 omnium

124 890 288 953 fortunam
311 887 415 952 uincis
439 891 471 950 et
495 886 631 951 solidam
654 885 750 968 plane
774 883 919 966 possides
943 883 1144 952 felicitatem.

124 977 301 1062 Equidem,
334 977 420 1060 quod
448 976 488 1040 ad
515 997 566 1039 me
594 974 724 1058 attinet,
751 972 837 1036 idem
865 995 963 1038 conor
985 996 1047 1057 pro
1071 998 1145 1040 mea

87 1089 114 1128 11
128 1065 216 1128 uirili
246 1069 339 1148 parte
373 1069 405 1128 et
436 1064 566 1147 haereo,
596 1062 701 1148 quoad
731 1084 874 1146 possum,
903 1062 937 1126 in
960 1062 1143 1130 scribendo.

125 1154 181 1218 sed
199 1175 270 1217 mea
288 1153 371 1217 ratio
391 1174 487 1237 quam
505 1174 571 1217 non
590 1151 632 1216 sit
652 1150 771 1233 eadem,
790 1172 871 1234 quae
890 1154 955 1236 tua,
974 1173 1143 1237 cognosce.

124 1242 308 1306 ualetudine
342 1265 414 1306 sum
442 1263 492 1328 ea,
524 1263 605 1324 quae
637 1239 730 1304 facile
760 1238 794 1302 in
827 1239 959 1304 morbos
989 1239 1143 1329 incurrat,

123 1331 286 1395 imbecilla
304 1352 437 1415 prorsus
457 1334 489 1394 et
508 1329 718 1394 incommoda.
755 1328 865 1412 itaque
885 1350 981 1412 saepe
996 1328 1031 1393 in
1046 1352 1142 1396 cursu

82 1444 84 1448 ’
123 1419 347 1484 institutorum
369 1440 527 1504 meorum,
551 1441 624 1483 cum
646 1417 786 1502 maxime
810 1417 941 1504 uellem,
965 1418 1142 1485 consistere

85 1530 197 1572 11111111
220 1513 358 1572 coactus.
394 1506 571 1592 Accedunt,
595 1527 676 1590 quae
699 1505 857 1588 temporis
879 1506 966 1570 haud
990 1507 1142 1594 exiguam

123 1599 250 1678 partem
269 1595 428 1681 aufenmt,
443 1595 654 1660 salutationes
672 1594 792 1658 multae
811 1595 996 1659 multorum.
1021 1595 1057 1660 in
1071 1598 1141 1681 qui-

124 1684 186 1746 bus
208 1682 338 1747 uidetur
365 1704 434 1747 esse
462 1685 566 1748 honor
594 1688 627 1747 et
655 1687 704 1746 est
734 1682 865 1746 omnino
890 1684 1048 1767 quaedam
1071 1709 1141 1772 spe-

124 1772 197 1856 cies,
220 1771 276 1835 sed
289 1770 396 1835 ualeat
414 1771 559 1836 ambitio.
596 1771 649 1835 odi
669 1771 786 1855 omnia,
809 1793 890 1855 quae
910 1772 1141 1839 detrimentum

124 1859 240 1924 studiis
268 1861 413 1924 afferunt.
453 1858 537 1937 Quid
569 1859 766 1925 domestica?
802 1882 868 1925 non
898 1862 984 1926 enim
1012 1866 1140 1928 tantum

82 1970 142 2011 111
160 1970 211 2012 me
229 1949 372 2032 pendent
395 1948 432 2032 ii,
456 1949 512 2033 qui
530 1970 619 2013 meos
637 1949 723 2013 intra
745 1949 886 2033 parietes
904 1950 1031 2037 uiuunt,
1051 1975 1141 2040 uxor,

124 2036 233 2122 liberi,
260 2036 396 2122 familia,
428 2038 484 2102 sed
511 2037 628 2102 fratres
661 2060 789 2123 quoque
823 2061 897 2103 suas
929 2039 964 2103 in
991 2063 1044 2105 me
1076 2064 1140 2107 uno

122 2125 264 2191 rationes
293 2127 416 2191 habent
442 2126 578 2211 positas:
605 2131 741 2211 uterque
769 2128 850 2192 meis
873 2128 1031 2212 consiliis,
1060 2130 1141 2195 alter

123 2213 220 2280 etiam
243 2215 324 2280 meis
347 2216 479 2301 opibuS,
508 2216 820 2300 quantulaecumque
850 2222 940 2304 sunt,
962 2218 1081 2284 nititur
1103 2241 1139 2285 ac

122 2308 330 2370 sustentatur.
368 2305 468 2370 Vides
497 2327 606 2369 rerum
638 2327 783 2369 mearum
813 2306 1002 2393 imaginem,
1035 2314 1073 2373 ut
1106 2309 1139 2374 in

81 2413 109 2454 11
122 2391 235 2456 tabula
258 2393 428 2475 depictam.
473 2414 533 2457 nec
556 2397 665 2457 tamen
687 2393 782 2459 obrui
809 2417 861 2459 me
889 2395 960 2460 sino
984 2397 1138 2463 fluctibus

122 2479 357 2566 molestiarum,
384 2481 440 2544 sed
463 2481 569 2546 enitor
591 2503 686 2565 saepe
710 2487 743 2546 et
766 2505 945 2568 consequor
969 2485 1139 2572 interdum,

122 2571 159 2632 ut
187 2590 226 2632 ex
259 2568 409 2633 omnibus
437 2570 522 2634 curis
549 2576 648 2655 atque
679 2573 948 2657 occupationibus
976 2597 1138 2661 emergam

121 2678 239 2740 meque
267 2656 381 2722 saltem
408 2679 468 2743 per
496 2658 621 2744 aliquot
643 2660 740 2725 horas
762 2661 797 2727 in
820 2666 954 2748 portum
982 2664 1138 2749 recipiam

121 2744 312 2810 litterarum.
353 2767 417 2829 quo
437 2746 465 2811 si
486 2747 551 2812 frui
575 2749 696 2814 diutius
719 2750 840 2838 liceret,
863 2751 1005 2816 incaelo
1026 2774 1138 2818 1111111.

81 2854 108 2894 ao
123 2833 199 2917 quie
228 2856 294 2898 non
322 2833 412 2920 licet,
440 2836 553 2900 hortor
581 2841 628 2924 te,
658 2839 710 2904 cui
741 2840 800 2905 otii
824 2841 903 2906 11111
927 2846 976 2906 est
982 2894 992 2928 ,
1015 2841 1138 2928 ingenii

121 2944 209 3008 uero,
232 2921 394 3008 scientiae,
416 2922 526 2988 iudicii
545 2926 647 2991 multo
667 2927 751 3013 plus,
774 2927 872 3014 quam
890 2930 982 3017 mihi,
1004 2935 1041 2995 ut
1060 2930 1139 2995 haec

122 3011 230 3074 omnia
262 3009 479 3077 studiosorum
511 3014 550 3076 ad
577 3014 753 3081 utilitatem
786 3021 940 3085 conferas.
991 3019 1079 3104 quod
1111 3019 1137 3084 si

121 3099 228 3186 facies,
246 3098 423 3186 gloriosum
442 3102 504 3166 tibi
519 3102 581 3167 erit
605 3126 645 3168 ex
663 3105 735 3188 ipsa
753 3129 797 3191 re,
821 3131 918 3192 quem
936 3108 1032 3173 uideo
1047 3131 1139 3193 prae-

121 3191 206 3252 stare
228 3211 322 3272 posse
340 3190 488 3277 maxima,
511 3192 625 3258 ceteris
643 3215 710 3258 non
727 3196 822 3262 modo
841 3220 885 3282 re,
907 3220 1021 3262 uerum
1040 3198 1137 3262 etiam

79 3297 107 3338 11
122 3278 270 3361 exemplo
293 3277 502 3345 fructuosum.
547 3282 685 3348 fortasse
709 3284 795 3350 enim
817 3291 850 3351 te
874 3292 1050 3372 praeeunte
1074 3285 1137 3372 1111,

208 3473 241 3522 21
263 3469 387 3526 ‘fratres’
408 3471 553 3529 1111111111
573 3475 608 3531 de
622 3476 759 3533 1111111111
779 3481 808 3534 11
825 3479 974 3536 Antonius.
