2452 3862
141 161 185 226 82
413 158 562 214 xxxvm.
591 156 725 212 Michaeli
742 156 888 213 Turrianc.

142 324 198 391 uix
221 343 375 406 umquam
398 320 581 384 arbitrabar
604 339 714 406 posse,
739 319 832 385 facile
855 322 1050 402 compensat
1074 341 1172 388 amor

142 414 177 478 in
204 434 255 477 me
282 414 366 474 tuus.
415 409 506 474 cuius
538 408 619 473 mihi
647 407 825 473 recordatio
853 407 1019 473 molestias
1051 431 1171 478 omnes

143 501 247 586 diluit,
271 497 530 582 quandoquidem
553 498 604 562 uis
621 519 672 561 me
692 497 732 561 ad
751 518 861 561 omnes
884 517 985 580 casus,
1009 499 1170 565 recordor

143 588 229 653 enim
252 592 308 652 tua
335 588 449 669 uerba,
480 585 660 651 subsidium
689 585 724 649 in
750 590 807 651 tua
834 583 1039 671 benignitate
1065 589 1169 653 maxi-

116 697 231 741 emum
268 675 472 741 constituere.
523 675 632 758 itaque
668 673 796 743 leuatus
832 695 851 738 a
886 677 919 738 10
955 674 1169 759 grauissimis

143 765 228 830 curis
252 765 356 849 premi
385 765 450 829 iam
473 785 568 827 onere
592 761 691 827 officii
714 785 765 827 me
788 761 901 827 sentio.
947 761 982 826 in
1005 784 1074 847 quo
1099 787 1167 831 sus-

142 854 274 918 tinendo
311 852 437 918 uiribus
473 852 576 916 enitar
610 851 735 916 cunctis
767 856 800 917 et
834 849 932 915 animi
963 854 997 916 et
1028 851 1166 940 ingenii.

142 946 271 1006 tantum
293 941 357 1006 ne?
403 941 501 1005 immo
526 940 624 1004 etiam
647 939 701 1026 iis,
729 960 809 1023 quas
832 939 1064 1005 beneuolentia
1087 964 1167 1029 erga

143 1035 176 1094 te
199 1034 310 1095 nostra
333 1034 365 1094 et
389 1029 563 1115 singularis
585 1029 680 1092 addet
703 1027 919 1092 obseruantia.
961 1028 1042 1112 quid
1064 1053 1166 1114 porro

105 1124 212 1184 rotam
236 1118 366 1182 difficile
386 1122 442 1182 aut
459 1122 527 1181 tam
546 1117 690 1201 amplum
713 1120 772 1203 cst,
796 1116 882 1202 quod
900 1115 1034 1182 incitata
1052 1119 1166 1184 studio

145 1208 297 1273 uoluntas
318 1229 383 1271 ncn
406 1205 619 1290 assequatur?
649 1208 870 1270 uerumtamen
893 1203 928 1268 in
950 1205 1066 1270 hecra
1089 1229 1166 1272 sen-

144 1297 191 1362 tio
216 1319 284 1362 esse
307 1296 393 1360 haud
416 1295 526 1379 paullo
551 1293 714 1359 difficilius
737 1293 817 1358 mihi
841 1293 1039 1380 satisfacere,
1063 1315 1164 1378 quam

144 1386 216 1450 tibi.
261 1390 294 1450 te
322 1384 408 1449 enim
435 1383 518 1448 nihil
545 1382 580 1446 in
607 1382 797 1447 conferendo
828 1381 985 1446 beneficio
1014 1387 1165 1466 spectare

145 1478 274 1558 praeter
300 1474 406 1558 ipsam
434 1473 602 1558 uirtutem,
630 1492 711 1555 quae
739 1470 806 1535 suis
834 1470 953 1557 gaudet
981 1491 1018 1535 ac
1041 1471 1166 1539 fruitur

107 1583 133 1622 15
146 1562 250 1648 bonis,
267 1562 350 1626 nihil
369 1561 567 1626 extrinsecus
585 1559 730 1646 assumit,
749 1558 827 1624 satis
845 1558 926 1623 mihi
944 1557 1048 1624 multo
1068 1565 1167 1626 antea

146 1672 336 1735 persuasum
356 1654 414 1733 est,
437 1653 604 1732 praeterea
624 1647 714 1712 nulla
732 1670 766 1712 re
785 1647 940 1733 indigere,
961 1668 1028 1712 non
1047 1649 1166 1735 gloria,

147 1760 210 1821 qua
240 1737 430 1821 iampridem
460 1736 619 1822 abundas,
652 1758 719 1801 non
747 1735 884 1823 diuitiis,
914 1756 993 1820 quas
1023 1739 1057 1800 et
1087 1761 1166 1822 pos·

147 1826 231 1891 sides
255 1826 319 1889 iam
343 1829 375 1889 et
398 1824 586 1888 contemnis.
633 1845 694 1910 ego
718 1846 804 1909 uere,
828 1824 884 1910 qui
907 1829 940 1888 et
962 1828 1037 1890 ante
1059 1847 1167 1892 annos

148 1935 217 1998 sex,
248 1933 311 1995 quc
339 1916 372 1976 te
400 1911 541 1995 primum
569 1910 620 1975 die
649 1933 720 1976 sum
748 1913 920 2000 allocutus,
951 1935 988 1978 ao
1011 1913 1084 1999 ipso
1109 1915 1167 1980 die

104 2024 135 2065 20
148 2000 361 2086 benignitatis
397 2005 471 2066 tuae
508 2000 740 2085 praestantiam
771 2023 837 2067 non
869 2003 997 2090 uidgari
1027 2026 1166 2077 munere

145 2112 220 2155 sum
248 2094 400 2175 expertus
429 2095 462 2157 et
491 2112 577 2158 nunc
606 2093 647 2157 ab
682 2092 792 2158 eadem
823 2092 1026 2180 benignitate
1041 2149 1043 2152 ,
1057 2097 1166 2164 11111110

144 2180 246 2245 etiam
268 2181 390 2246 maiora
412 2184 445 2245 te
464 2180 597 2247 iubente
617 2185 715 2268 cogor
734 2187 928 2270 exspectare,
951 2205 1087 2267 prorsus
1110 2208 1165 2253 an·

144 2269 240 2354 cipiti
265 2292 340 2334 cura
364 2270 534 2357 distrahor,
558 2269 614 2354 qui
636 2293 741 2355 neque
760 2271 899 2356 gratiam
921 2271 984 2336 tibi
1007 2293 1166 2358 umquam

146 2359 266 2423 referre
289 2380 393 2442 neque
420 2359 506 2423 nuda
534 2360 700 2424 uoluntate
729 2364 900 2425 contentus
927 2381 998 2424 esse
1026 2364 1164 2446 possim.

108 2465 134 2506 10
147 2445 343 2514 Succurrunt
359 2446 445 2510 enim
458 2446 569 2531 multa,
588 2469 669 2530 quae
687 2447 828 2512 libenter
847 2446 999 2535 cogitemt
1018 2451 1166 2534 primum

148 2532 332 2597 humanitas
354 2536 424 2619 tua,
447 2554 511 2616 qua
533 2533 585 2596 me
608 2557 736 2619 semper
759 2536 947 2621 complexus
970 2559 1017 2622 es3
1047 2538 1164 2607 deinde

147 2618 340 2705 liberalitas,
375 2642 439 2703 qua
470 2620 662 2708 subleuasti3
694 2628 860 2709 postremo
893 2625 1072 2693 consolatio
1106 2629 1165 2693 illa

148 2705 349 2773 Christianae
372 2707 504 2792 pietatis
528 2713 560 2774 et
584 2711 760 2794 sapientiae
788 2710 989 2798 plenissima,
1018 2736 1084 2801 qua
1111 2740 1164 2783 me

148 2796 278 2881 quidem
305 2797 454 2881 proximo
478 2796 632 2875 Quinctili
660 2822 782 2888 mense,
810 2823 883 2867 cum
910 2801 950 2867 ad
972 2807 1005 2867 te
1028 2803 1165 2871 honoris

108 2907 135 2948 10
149 2907 262 2952 caussa
285 2885 437 2952 0011010111
460 2885 678 2972 accessissem,
702 2889 858 2954 afflictum
882 2890 1020 2956 erexisti.
1063 2897 1186 2978 atque.

147 2976 227 3039 haec
260 2975 379 3059 quibus
410 2975 490 3040 meis
517 2981 605 3062 'erga
641 2979 674 3040 te
707 2976 845 3043 officiis?
889 2979 988 3044 nullis
1020 2982 1164 3070 omnino,

149 3060 342 3127 salutatione
362 3068 505 3147 excepta,
528 3085 609 3147 quae
628 3065 700 3148 ipsa
718 3065 798 3130 mihi
821 3070 891 3131 tum
910 3067 1000 3132 utilis
1024 3090 1065 3132 ex
1088 3093 1164 3154 pru-

149 3148 258 3211 dentia
280 3154 377 3234 atque
405 3151 583 3216 eruditione
610 3156 680 3238 tua,
709 3157 779 3217 tum
807 3154 906 3219 etiam
933 3176 973 3219 ex
1000 3155 1163 3242 dignitate

148 3234 384 3318 perhonorifica
406 3239 477 3303 fuit.
519 3238 607 3317 Quae
631 3262 703 3305 cum
727 3241 834 3306 omnia
857 3243 985 3329 colligo,
1009 3245 1163 3314 eximiam

109 3346 135 3387 as
149 3323 246 3388 istam
278 3324 437 3408 planeque
470 3325 613 3393 diuinam
644 3329 902 3416 beneficentiam,
933 3331 1066 3398 insitam
1098 3335 1164 3400 tibi

149 3413 204 3485 uel
222 3411 333 3497 petius
350 3411 571 3497 ingeneratam
593 3437 613 3479 a
629 3421 753 3503 natura,
776 3423 903 3496 auctam
921 3417 1077 3507 doctrina,
1101 3444 1164 3488 usu

150 3501 371 3566 confirmatam
393 3504 489 3584 atque
518 3503 694 3586 perfectam
721 3505 800 3571 satis
824 3506 975 3572 admirari
997 3530 1064 3575 non
1087 3533 1162 3594 pos·
