2452 3862
415 188 487 243 XIII.
507 187 650 258 Stephano
670 185 775 242 Saulic.

555 418 641 484 ΧΙΠ.

213 561 410 647 Stephano
434 560 565 626 Saulio
589 560 868 625 Decentianum
891 569 926 639 (Ι,
942 573 977 640 e).

176 705 332 790 Magnum
355 707 404 767 est
427 703 497 788 hoc,
521 702 611 768 Sauli
630 702 814 787 clarissime,
837 702 1050 767 humanitatis
1072 707 1104 767 et
1132 726 1147 768 5

87 793 207 857 amoris
226 793 261 857 in
278 814 329 857 me
348 791 397 855 tui
416 795 651 877 argumentum,
675 792 770 877 quod,
789 813 863 856 cum
881 790 1006 856 inistis
1024 790 1105 856 locis

88 904 174 945 nunc
198 881 251 966 sis,
277 879 335 943 ubi
357 880 494 945 multam
516 879 580 944 diei
603 884 729 962 partem
753 902 825 944 cum
848 879 1005 966 singulari
1023 880 1106 965 uiro,

89 969 249 1034 Cardinali
272 968 352 1033 Polo
375 967 577 1056 grauissimis
601 967 876 1052 sanctissimisque
900 968 1105 1033 sermonibus

87 1058 250 1142 traducas,
281 1079 348 1122 non
376 1056 470 1122 modo
499 1061 608 1121 tamen
635 1057 673 1121 de
701 1079 752 1121 me
781 1057 919 1143 cogites,
948 1079 1013 1141 quo
1042 1079 1103 1142 ego

86 1169 152 1210 uno
181 1149 351 1212 contentus
380 1167 449 1211 esse
472 1149 632 1231 poteram,
661 1167 775 1209 uerum
803 1145 902 1210 etiam
932 1145 965 1209 id
994 1145 1104 1230 ipsum
1118 1170 1146 1210 ro

86 1235 168 1299 mihi
196 1233 421 1300 declarandum
448 1233 567 1298 litteris
595 1233 768 1299 existimes.
814 1238 847 1298 at
875 1234 995 1317 quibus
1018 1234 1105 1298 litte-

87 1323 154 1388 11111
195 1323 326 1407 scriptis
354 1322 549 1406 mehercule,
577 1322 664 1405 quod
691 1322 732 1386 ad
758 1322 860 1385 uerba
883 1322 1014 1405 attinet,
1044 1321 1105 1386 ele·

86 1411 292 1495 gantissime,
321 1411 408 1493 quod
436 1410 476 1473 ad
498 1409 684 1494 sententias,
711 1409 975 1493 prudentissime,
1003 1413 1040 1473 ut
1064 1409 1105 1474 iis

87 1498 233 1584 legendis
255 1521 322 1562 non
344 1498 448 1583 magis
472 1519 611 1561 amarem
634 1519 776 1561 amorem
798 1500 905 1582 tuum,
929 1496 984 1581 qui
1008 1501 1040 1561 te
1064 1497 1105 1560 ad

86 1586 294 1651 scribendum
316 1586 503 1670 impulerat,
531 1607 629 1669 quam
656 1584 874 1671 eloquentiam
897 1585 1145 1672 suspicerem,15

85 1698 151 1758 qua
174 1676 340 1760 effeceras,
361 1678 399 1738 ut
422 1674 478 1738 1111
501 1674 587 1760 ipsa,
611 1696 691 1760 quae
715 1674 886 1759 scriberes,
916 1695 989 1738 cum
1013 1697 1106 1739 orna-

86 1764 172 1829 tiora
204 1768 324 1850 essent,
356 1762 547 1827 amabiliora
579 1784 707 1849 quoque
738 1762 934 1827 uiderentur.
988 1761 1104 1848 Quare,

86 1875 160 1916 cum
182 1853 245 1917 tibi
269 1874 330 1937 ago
354 1851 489 1938 gratias,
515 1855 553 1915 ut
576 1851 688 1936 debeo,
710 1851 923 1938 immortales,
948 1852 1034 1936 quod
1056 1852 1104 1916 ita

84 1941 247 2006 animatus
274 1941 309 2005 in
331 1963 382 2005 me
406 1940 463 2026 sis,
491 1943 562 2004 tum
588 1962 667 2005 uero
695 1940 793 2005 etiam
821 1944 920 2024 atque
949 1940 1047 2005 etiarn
1069 1944 1103 2005 11

86 2052 177 2114 rogo,
199 2029 233 2092 in
258 2051 321 2113 quo
344 2051 395 2094 me
418 2028 555 2093 ambitio
574 2029 730 2113 quaedam
748 2032 868 2114 mouet,
889 2033 928 2092 ut
950 2028 992 2115 id,
1017 2029 1105 2112 quod
1118 2053 1146 2093 10

85 2116 180 2200 facis,
207 2121 366 2199 perpetuo
395 2116 502 2180 110111.
549 2117 664 2199 quanti
693 2116 779 2181 enim
806 2121 903 2200 putas
930 2117 971 2180 ad
998 2139 1104 2182 meam

86 2204 215 2267 laudem
243 2204 410 2287 interesse,
438 2225 511 2267 cum
537 2203 599 2268 hoc
627 2203 876 2288 percrebrescit,
905 2226 956 2267 me
988 2226 1007 2267 a
1035 2204 1104 2269 Ste-

86 2292 196 2375 phano
215 2291 324 2357 Saulio
348 2290 454 2377 diligi,
482 2290 572 2355 cuius
596 2295 646 2354 est
668 2290 791 2354 familia
813 2290 1022 2376 perillustris,
1047 2293 1104 2375 qui

84 2403 163 2445 suae
190 2380 261 2466 ipse
289 2379 429 2445 familiae
452 2378 575 2444 clarum
601 2379 711 2444 lumen
734 2383 796 2463 est,
825 2401 922 2463 quem
945 2379 1103 2464 praeclari

85 2470 134 2534 illi
158 2469 230 2556 uiri,
254 2469 322 2534 eius
346 2468 576 2534 consuetudine
601 2472 633 2532 et
656 2467 809 2533 conuictu
830 2490 1027 2554 magnopere
1051 2469 1102 2533 de·
1116 2492 1143 2534 ss

85 2559 208 2642 lectati,
232 2558 408 2643 eoluenmt,
431 2557 634 2643 Bonamicus,
657 2556 765 2622 Julius
789 2555 952 2643 Camillus,
975 2557 1102 2643 Longo—

84 2646 157 2711 lius.
202 2647 291 2712 Haec
314 2668 385 2731 ego,
408 2644 505 2731 Sauli,
528 2667 601 2711 cum
621 2645 745 2730 aliquot
768 2646 886 2710 abhinc
905 2646 997 2710 annis
1016 2647 1103 2733 cogi-

85 2741 203 2820 tarem,
231 2757 358 2818 semper
387 2735 531 2819 quidem,
557 2739 595 2799 ut
619 2757 638 2798 a
660 2738 694 2798 te
721 2733 886 2819 diligerer,
910 2734 1036 2819 optaui3
1064 2740 1101 2798 ut

84 2845 164 2887 uero
184 2823 282 2887 etiam
298 2823 455 2907 laudarer,
473 2827 586 2906 optare
605 2824 740 2887 fortasse
754 2823 858 2906 potui,
872 2844 1010 2907 sperare,
1029 2844 1103 2886 cum

85 2913 157 2994 ipse
184 2934 235 2976 me
263 2934 404 2996 nossem,
431 2915 516 2975 certe
544 2933 609 2976 non
637 2910 742 2975 debui.
789 2910 946 2994 scripsisti
974 2910 1009 2974 in
1040 2909 1101 2975 hac
1114 2933 1142 2974 ac

85 3022 236 3065 romanae
263 3000 394 3086 linguae
423 2999 576 3064 facultate
608 3020 687 3082 non,
714 2997 794 3062 mihi
822 2998 984 3061 neminem
1010 3021 1101 3082 prae·

84 3094 181 3174 stare,
204 3089 260 3153 sed
282 3088 324 3172 id,
349 3087 436 3171 quod
459 3110 520 3174 ego
539 3109 613 3152 cum
629 3086 772 3173 legerem
792 3085 916 3172 erubui,
938 3087 1101 3152 neminem

83 3199 164 3262 esse,
187 3177 238 3242 cui
261 3198 327 3241 non
350 3175 420 3260 ipse
443 3176 640 3241 antecellam.
687 3174 850 3259 equidem,
877 3179 914 3239 ut
939 3176 1026 3259 quod
1049 3198 1101 3240 res

83 3270 135 3331 est
154 3265 305 3351 aperiam,
328 3264 432 3329 fateor
454 3287 473 3328 1
491 3265 597 3349 prima
619 3263 759 3349 pueritia
782 3263 828 3327 ita
850 3285 901 3328 me
925 3264 960 3329 in
981 3264 1102 3329 litteris

175 3481 210 3530 26
230 3474 400 3529 ‘coluerunt'
422 3475 487 3528 aute
506 3471 652 3529 Bonamici
670 3490 772 3529 noman
790 3473 939 3544 legebatur
957 3472 987 3526 in
1005 3470 1099 3540 prima

83 3544 211 3601 editione
232 3544 422 3601 ‘Flaminius‘.
