2452 3862
373 181 472 249 XLIII.
501 187 657 244 Octauiano
676 187 813 246 Ferrario.
1057 193 1098 258 91

88 343 205 416 simum
237 350 333 435 plane
365 350 446 415 mihi
478 351 664 434 persuadeo.
710 356 743 417 te
775 352 905 436 quidem
937 375 955 416 a
984 356 1099 421 morbo

88 440 313 504 confirmatum
349 439 376 504 si
412 438 556 524 audiero,
592 439 743 523 aequiore
780 441 886 506 animo
924 441 1099 508 domestica

87 532 146 614 pat
147 528 194 593 iar
230 529 405 594 commoda.
465 527 575 628 itaque
613 527 705 593 dabis
741 529 803 594 hoc
840 530 941 594 amori
977 535 1099 615 nostro,

89 639 184 701 quem
206 621 262 682 tua
286 617 390 682 uirtus
413 616 556 700 peperit,
528 616 642 682 talit
664 616 812 682 humanit
798 622 849 683 tas
872 622 969 703 atque
992 624 1099 707 auget,

87 711 124 772 ut
146 709 257 771 nostra
275 706 374 771 etiam
392 726 503 770 caussa
521 708 611 771 tuam
629 704 701 771 uale
703 706 881 773 tudinems
882 707 1099 774 tudiosissime
1124 728 1139 769 a

88 817 186 862 cures.
230 794 321 860 Vale
366 793 493 861 Venet'
457 799 512 859 tns
536 793 695 880 [MDLXI

538 1201 650 1266 XLIII.

172 1344 383 1409 Octauiano
411 1343 590 1408 Ferrario
618 1343 876 1408 Mediolanum
903 1353 947 1424 (V,
960 1348 1014 1424 11).

175 1485 253 1551 Noli
284 1489 400 1569 putare
432 1507 484 1549 me
521 1488 649 1549 tantum
680 1484 774 1548 amici
807 1484 855 1548 tui
887 1487 1098 1569 προβλήμασι

87 1575 250 1661 tribuisse,
273 1579 310 1638 ιιι
329 1572 433 1638 adhuc
455 1596 523 1639 rem
542 1573 739 1639 deducerem.
775 1595 850 1636 nam
869 1572 930 1637 etsi
953 1572 992 1636 de
1010 1573 1098 1639 illius
1113 1593 1140 1633 ro

87 1663 218 1749 ingenio
246 1662 454 1746 doctrinaque
483 1683 612 1746 semper
641 1661 764 1747 optime
795 1661 879 1726 sensi
908 1661 1005 1745 idque
1035 1663 1099 1745 pri-

87 1774 176 1816 mum
197 1752 380 1816 litterarum
398 1756 527 1817 tuarum
546 1750 742 1834 testimonio,
764 1754 840 1834 post
863 1749 961 1815 etiam
979 1750 1097 1816 iudicio

86 1862 159 1904 meo
182 1845 375 1924 commotus,
403 1846 512 1905 tamen
540 1839 578 1905 de
606 1845 663 1906 tuo
691 1839 776 1904 libro
800 1839 846 1903 ita
868 1839 989 1923 iudico,
1015 1839 1099 1904 nihil

86 1929 156 1992 fieri
180 1951 275 2010 posse
297 1950 364 1992 non
387 1930 482 1994 modo
506 1929 675 2014 eruditius,
697 1929 732 1994 in
756 1950 819 2013 quo
841 1950 947 1992 meam
970 1927 1085 1992 detu
1032 1932 1085 1992 stu
1087 1966 1097 1975 -

88 2016 149 2078 diis
180 2016 247 2080 tuis
279 2016 466 2099 opinionem
502 2018 653 2100 aequauit
689 2016 825 2081 indust
784 2021 847 2080 tna
878 2021 948 2116 tua,
984 2038 1098 2081 uerum
1112 2035 1141 2076 ιι

88 2102 185 2166 etiam
216 2103 403 2202 elegantius.
449 2105 549 2203 quod,
564 2105 606 2168 ab
635 2104 904 2169 excellentibus
895 2126 930 2167 ιιι
957 2104 1097 2188 philoso-

87 2190 166 2275 phia
195 2189 288 2274 uiris,
321 2189 448 2273 qualem
477 2191 549 2254 ta
540 2213 604 2255 ram
632 2213 743 2255 omnes
770 2191 970 2290 praedicant,
1001 2191 1096 2255 hodie

86 2301 152 2342 non
178 2278 350 2343 admodum
378 2282 591 2363 exspectatur.
637 2278 755 2357 Quid
746 2278 847 2379 igitur
793 2278 945 2343 turtobs
931 2278 1013 2363 titit,
1041 2301 1098 2343 cur

86 2389 152 2432 non
179 2365 395 2453 aggrederer?
436 2389 580 2433 caussam
610 2367 638 2432 si
665 2366 805 2451 quaeris,
835 2366 874 2430 de
902 2388 965 2450 qua
992 2370 1038 2451 te,
1068 2367 1096 2431 si

85 2479 136 2521 res
162 2460 342 2541 pateretur,
374 2455 514 2521 celatum
540 2456 671 2522 uellem:
703 2454 824 2540 piiuita
851 2459 985 2540 repente
1012 2478 1095 2521 com·
1110 2475 1138 2515 ao

85 2550 185 2631 mota,
216 2545 295 2610 satis
324 2567 385 2629 per
413 2568 447 2611 se
475 2543 624 2630 molesta,
653 2567 729 2610 mox
757 2545 868 2630 etiam,
898 2563 970 2610 oum
997 2545 1096 2610 tussis

86 2633 285 2720 accessisset,
312 2633 507 2718 periculosa,
533 2657 658 2700 moram
679 2634 799 2699 iniecit
845 2633 981 2699 biduum
1003 2634 1096 2719 iacui,

85 2720 209 2785 medico
232 2685 299 2786 noir
321 2722 459 2788 admisso
482 2728 630 2788 accurata
648 2723 754 2787 uictus
772 2722 897 2787 ratione
916 2726 1096 2806 contentus,

84 2809 118 2872 in
149 2831 212 2893 qua
241 2814 278 2874 tu
308 2816 465 2894 quantum
497 2833 608 2895 ponas,
637 2811 766 2897 ignor03
799 2831 860 2896 ego
890 2814 926 2872 ut
912 2809 1096 2872 tilissimam

85 2898 242 2981 experior.
287 2921 386 2984 nunc,
416 2921 497 2983 quae
525 2904 698 2984 supersunt
724 2898 831 2962 morbi
859 2896 1027 2980 reliquiae,
1055 2896 1095 2959 do
1109 2913 1136 2956 se

84 2991 303 3070 operam,ut
335 3009 389 3052 eas
421 2987 588 3071 depellam.
635 2986 721 3087 quod
758 2986 881 3069 eadem,
918 2988 955 3047 ut
991 3005 1095 3087 spero,

83 3075 158 3139 abst
144 3075 282 3139 tinentia
305 3096 490 3159 consequar
530 3074 648 3140 Filio
639 3097 704 3138 ram
732 3077 764 3137 et
788 3072 922 3137 domest
899 3072 972 3137 trois
996 3074 1095 3137 omni-

83 3163 146 3228 bus
174 3168 261 3228 recte
289 3167 345 3228 est.
391 3162 532 3229 Libert
517 3167 607 3247 tuus,
639 3161 906 3247 quemadmodum
938 3183 978 3226 ex
1005 3163 1095 3248 pagi·

172 3342 206 3391 28
224 3339 291 3406 post
311 3338 397 3393 ‘recte
416 3337 471 3393 est’
488 3335 685 3392 etiamtumin
702 3335 828 3392 edItione
848 3335 998 3392 anni1571
1017 3335 1094 3402 lege-

82 3406 178 3461 batur·
197 3406 239 3462 De
254 3408 358 3478 gaudIo
369 3407 512 3464 Ciceronis
526 3406 648 3463 exHirri
660 3424 690 3463 re
710 3407 774 3463 alsa
787 3405 928 3489 scripsisti
942 3406 1094 3474 diligenter

81 3480 112 3532 at
129 3477 287 3547 praeclare:
310 3478 359 3535 sed
376 3495 422 3534 me
442 3478 560 3535 oratio
551 3495 615 3550 ipsa
633 3478 670 3533 ad
687 3426 772 3534 litui
790 3477 927 3533 sermonis
945 3476 1093 3530 eonsuetu-

82 3546 177 3601 dinem
196 3551 329 3605 reuocata
340 3567 398 3606 non
411 3548 532 3608 libenter
550 3549 611 3605 ate
625 3548 860 3606 dissentientem
852 3565 882 3603 m
896 3545 983 3602 aliam
996 3546 1094 3601 tamen
