2452 3862
133 141 199 205 148
420 139 517 198 LXXI.
546 137 703 194 Octauiano
721 138 859 194 Ferrario.
966 182 969 188 .

134 307 244 369 tamen
267 303 354 368 uitae
377 324 494 388 genere
521 302 638 388 libros,
661 322 846 366 communes
865 299 996 364 delicias
1014 305 1161 389 nostras,

134 392 291 458 abiecisse
314 413 365 454 me
389 390 520 473 penitus
542 390 645 455 nolim
668 390 842 454 existimes.
886 389 1061 454 nobiscum
1084 391 1160 454 ubi·

136 503 198 565 que
213 483 298 563 sunt,
317 479 451 544 comites
464 501 642 563 numquam
654 478 793 563 molesti,
811 478 991 563 loquentes,
1010 478 1159 565 silentes,

136 592 209 635 cum
233 568 396 650 uolumus,
426 567 531 652 quoad
553 567 712 632 uolumus.
758 570 790 631 ct
814 589 1010 651 quamquam
1033 568 1159 633 ueteris

109 656 244 723 smorbi
278 656 432 741 reliquiae
465 656 622 740 quaedam
654 659 829 740 supersunt
866 660 899 719 et
930 655 1017 722 uires
1050 657 1158 721 adhuc

135 746 305 831 languent,
340 745 492 829 quiddam
517 749 627 808 tamen
652 743 786 830 aggredi
811 765 883 808 sum
909 765 1015 809 ausus.
1069 746 1160 828 quod

137 835 178 917 si,
210 838 247 899 ut
272 856 382 919 spero,
411 832 580 897 absoluam
611 836 643 897 et
674 833 715 917 si,
751 836 789 897 ut
818 833 980 916 principia
1010 831 1088 897 dare
1124 856 1158 898 se

136 922 301 1007 uidentur,
328 922 374 985 ita
402 921 555 1005 procedet
581 921 741 986 industria
768 921 822 987 uel
851 943 870 985 1
895 925 927 984 te
956 921 1159 1004 probabitur

137 1021 171 1098 (a
203 1015 235 1075 te
264 1032 337 1075 cum
365 1009 450 1094 dico,
486 1010 543 1094 qui
577 1009 742 1075 subtiliter
774 1014 806 1074 et
843 1009 965 1074 sincere
1001 1010 1157 1096 iudicant,

99 1124 125 1162 10
140 1099 236 1165 simul
260 1121 371 1164 omnes
393 1098 551 1184 intellige.
596 1102 634 1163 tu
657 1099 743 1163 enim
766 1098 794 1163 is
818 1121 861 1181 es,
885 1120 984 1182 quern
1002 1121 1063 1163 nec
1085 1100 1154 1182 opi-

135 1188 191 1252 nio
224 1187 328 1272 fallat,
359 1209 419 1251 nec
451 1186 602 1252 uoluntas
634 1209 653 1250 1
683 1187 819 1251 ueritate
852 1185 1059 1274 detorqueat)
1088 1187 1152 1273 uel,

138 1277 217 1362 quin
244 1299 296 1341 me
325 1280 421 1359 putes
449 1276 554 1340 omnis
582 1280 750 1359 expertem
777 1275 899 1361 ingenii
926 1297 987 1341 nec
1015 1276 1055 1341 de
1080 1298 1153 1340 mea

135 1388 196 1431 nee
219 1365 258 1429 de
282 1365 472 1448 cuiusquam
496 1365 626 1429 omnino
645 1364 799 1429 facultate
822 1369 964 1429 statuere
988 1369 1022 1429 ct
1046 1365 1156 1430 existi·

137 1476 225 1519 mare
256 1453 432 1538 quidquam
461 1476 570 1538 posse,
601 1475 668 1518 non
696 1475 818 1518 recuso.
867 1453 972 1518 Locus
1002 1454 1072 1538 ipse
1103 1476 1155 1519 me

98 1565 124 1605 rs
139 1565 260 1608 uacuus
282 1542 583 1627 interpellatoribus
603 1542 732 1607 ethaeo
751 1542 882 1607 uiuendi
901 1543 1063 1607 arbitratu
1081 1565 1154 1607 meo

137 1653 246 1696 rerum
269 1631 414 1696 omnium
441 1630 627 1696 dulcissima
655 1635 768 1714 optata
796 1636 890 1696 antea
916 1631 1026 1717 potius
1055 1653 1154 1716 quam

138 1723 267 1802 sperata
296 1719 432 1785 libertas
461 1719 629 1803 inuitauit,
659 1724 697 1784 ut
727 1719 850 1784 ordirer
878 1719 924 1804 id,
955 1720 1053 1804 quod,
1085 1720 1150 1783 nisi

137 1808 246 1872 sedem
268 1807 322 1872 hic
345 1812 452 1872 statuo
476 1812 533 1872 aut
556 1812 656 1892 certe,
683 1808 747 1872 nisi
769 1809 803 1872 in
826 1810 889 1874 hoc
912 1828 1033 1874 secessu
1057 1811 1090 1870 et
1113 1806 1150 1871 in

135 1895 197 1958 1111
225 1916 325 1978 paene
357 1895 543 1979 solitudine,
570 1894 661 1983 (nam
691 1897 718 1961 si
749 1918 823 1961 cum
850 1899 930 1963 urbe
957 1895 1152 1980 conferatur,

98 2007 126 2047 ao
141 2003 337 2066 quamquam
356 1983 482 2048 celebre
501 1983 580 2048 satis
600 1985 740 2070 opidum,
763 1986 904 2052 solitudo
923 1991 1030 2052 tamen
1047 1983 1154 2050 uideri

139 2069 296 2155 quaedam
323 2070 442 2158 possit)
472 2073 627 2138 maiorem
656 2075 732 2138 anni
759 2080 887 2158 partem
915 2095 1153 2159 consumpsero,

137 2182 282 2245 uereor,
298 2182 338 2225 ne
370 2184 440 2226 sero
467 2159 653 2245 admodum,
685 2163 821 2228 fortasse
855 2163 952 2229 etiam
984 2167 1154 2247 pertexere

137 2272 316 2333 numquam
337 2250 442 2316 liceat.
489 2273 571 2335 opus
596 2255 645 2316 est
671 2273 731 2316 nec
759 2253 916 2336 temporis
942 2274 1003 2317 nec
1029 2251 1154 2316 laboris

139 2339 258 2425 exigui.
308 2344 438 2423 tempus
470 2340 536 2423 hic,
573 2344 610 2404 ut
642 2339 749 2426 uideo,
787 2341 895 2406 deesse
927 2364 994 2406 non
1030 2344 1154 2424 potest:

97 2449 125 2489 25
138 2426 286 2492 laborem
309 2428 488 2492 communis
511 2427 663 2494 utilitatis
686 2429 792 2515 gratia
814 2452 993 2514 numquam
1015 2429 1156 2493 adducar

138 2518 176 2579 ut
203 2515 339 2598 fugiam:
369 2516 501 2581 interim
527 2520 650 2602 tamen,
679 2518 845 2602 superiore
873 2518 1017 2602 periculo
1047 2518 1155 2582 admo-

136 2601 240 2685 nitus,
266 2624 383 2684 operae
406 2625 564 2688 curaeque
588 2605 663 2688 plus
685 2605 720 2670 in
743 2607 975 2692 ualetudinem,
999 2629 1097 2691 quam
1120 2607 1156 2670 in

137 2689 245 2755 studia
268 2692 438 2758 conteram.
476 2691 566 2758 Vale.
607 2693 659 2759 Ex
682 2695 778 2780 opido
796 2695 897 2761 Plebe
916 2694 1015 2779 Sacei,
1038 2694 1094 2760 VI.
1113 2695 1158 2760 id.

135 2778 221 2847 Nou.
243 2779 405 2846 MDLXX.
566 2802 568 2807 ·

228 2981 260 3029 28
283 2975 379 3029 ‘Plebe
402 2974 493 3029 Sacci'
525 2975 555 3028 in
579 2991 611 3029 eo
636 2975 771 3046 oppidulo
800 2975 895 3030 uxoris
924 2976 1012 3031 frater
1036 2976 1159 3032 Carolus

134 3041 265 3097 Odonius
284 3046 382 3098 uillam
400 3045 516 3102 uidetur
535 3045 677 3101 habuisse.

540 3296 750 3308 ————-
