2452 3862
285 184 407 240 LXXXI.
434 185 480 240 Ad
497 183 631 240 Iacobum
648 184 905 255 Boncompagnum.
1037 186 1099 250 161

524 398 667 464 LXXXI.

82 539 145 606 Ad
168 538 295 605 Illust.
319 544 433 625 atque
454 539 541 605 Ero.
560 539 741 605 Iacobum
763 539 1100 628 Boncompagnum

83 648 123 712 in
145 645 302 712 orationis
321 644 484 711 Ciceronis
502 668 562 731 pro
581 644 702 710 Archia
719 650 817 731 poeta
835 648 1101 713 commentarium

480 749 581 820 (Praei.
600 749 711 819 XXIX).

181 872 263 939 (lum
295 874 422 939 mihit
408 879 483 939 tuae
516 875 658 960 primum
689 874 822 940 uirtutis
853 898 890 941 ac
922 877 1140 980 dignitatis,5

85 962 205 1028 deinde
230 963 312 1049 eius,
340 985 404 1047 qua
430 985 481 1028 me
509 986 544 1028 es
571 964 772 1049 complexus,
800 965 1077 1031 beneuolentiae
1068 991 1102 1031 1n

85 1056 234 1117 mentem
257 1051 348 1116 uenit
376 1051 482 1140 (uenit
505 1056 614 1117 autem
641 1049 857 1138 saepissime),
887 1053 951 1118 tibi
974 1056 1104 1139 quidem

85 1141 198 1205 animo
231 1162 268 1205 ac
299 1145 408 1205 mente
439 1163 500 1225 pro
532 1162 603 1205 meo
636 1162 713 1227 erga
744 1145 777 1205 11
809 1141 1011 1227 singularis
1012 1145 1102 1209 tudio

87 1230 300 1295 uehementer
326 1229 482 1314 gratulor.
528 1251 589 1315 ego
617 1233 673 1292 aut
674 1251 738 1312 em,
767 1233 804 1292 ut
834 1229 902 1293 eius
929 1230 1065 1295 felicitat
1017 1233 1103 1317 11111,

89 1339 173 1401 quae
197 1316 418 1382 inhominem
445 1317 556 1382 cadere
584 1316 702 1402 possit,
728 1316 815 1381 haud
837 1317 1004 1382 minimam
1031 1341 1143 1403 par-10

89 1410 159 1470 tem
183 1409 361 1491 assecutus,
390 1404 495 1469 laetit
470 1408 517 1469 tra
543 1406 635 1470 fruor
660 1408 752 1469 111111
733 1427 764 1490 1,
795 1410 949 1488 quantam
976 1407 1102 1473 animus

87 1515 181 1560 meus
209 1515 323 1577 capere
350 1493 525 1558 maximam
552 1496 670 1578 potest.
715 1515 827 1558 rursus
854 1515 927 1558 cum
953 1497 1103 1561 recordor

88 1581 242 1647 omnibus
266 1583 305 1645 ad
332 1586 365 1646 te
393 1581 538 1666 quotidie
564 1581 698 1647 honoris
720 1603 833 1648 caussa
855 1583 1102 1669 confluentibus,

90 1691 230 1754 quorum
258 1692 319 1756 ego
346 1670 381 1735 in
408 1675 441 1734 te
469 1670 602 1735 colendo
630 1675 727 1756 atque
755 1671 957 1736 obseruando
980 1673 1102 1738 nemini

89 1759 246 1842 concedo,
277 1780 329 1822 me
356 1781 457 1823 unum
486 1759 595 1824 tribus
621 1759 688 1823 fere
715 1758 882 1824 mensibus
909 1759 949 1823 ad
975 1764 1009 1824 te
1037 1783 1102 1827 non
1116 1780 1142 1821 11

89 1847 232 1931 uenisse,
260 1869 454 1931 quamquam
477 1846 652 1912 intermissi
680 1868 808 1913 caussas
835 1848 947 1932 officii,
974 1852 1011 1913 ut
1034 1850 1102 1934 opi·

87 1957 159 2022 nor,
181 1935 287 2000 habeo
311 1935 391 2000 11111
414 1936 525 2020 iustas,
551 1934 605 2001 uel
627 1934 750 2000 calores
772 1940 958 2022 perpetuos,
983 1938 1103 2022 quibus

89 2023 230 2090 maiores
251 2045 318 2089 non
340 2023 558 2107 meminimus,
585 2024 639 2088 uel
665 2027 806 2089 aetatem
833 2024 1103 2091 imbecillitatem-

89 2134 153 2197 que
185 2133 304 2197 meam,
336 2134 472 2196 quarum
503 2112 605 2176 altera
635 2111 779 2195 quietem
810 2112 969 2197 postulat,
1001 2115 1103 2178 altera

87 2222 157 2266 non
185 2200 282 2265 modo
314 2200 473 2285 postulat,
505 2221 618 2264 uerum
649 2198 749 2264 etiam
780 2199 872 2299 flagit
874 2203 920 2263 at:
952 2223 1143 2284 peccassem

89 2293 201 2354 tamen
228 2287 309 2389 mihi
336 2288 450 2353 uideor
477 2292 523 2373 11,
553 2286 645 2371 quasi
673 2287 913 2388 excusationem
940 2289 1102 2353 accusatio

87 2377 274 2463 uincat,it
259 2377 471 2442 tasensibus
501 2398 603 2462 angor
631 2375 817 2440 intimiset
845 2374 881 2440 in
909 2376 1102 2529 grauissimo

88 2464 203 2531 dolore
232 2486 353 2530 uersor
401 2463 511 2549 Atque
540 2465 620 2528 haec
649 2463 780 2549 quidem
809 2463 1022 2547 aliquantoe
1005 2465 1103 2530 etiam

88 2553 240 2620 acerbior
258 2553 346 2639 cogit
332 2553 414 2617 tatio
434 2556 527 2636 esset,
549 2552 613 2617 nisi
634 2556 804 2637 perspecta
822 2552 955 2618 11111111
972 2553 1103 2641 cognita

88 2646 227 2708 naturae
251 2645 326 2705 tuae
349 2641 488 2706 facilitas
516 2645 549 2706 et
576 2641 750 2727 singularis
775 2641 960 2706 humanitas
982 2647 1103 2706 certam
1117 2663 1143 2704 a

88 2730 188 2815 plane
212 2751 306 2813 spem
327 2730 456 2794 afferret
485 2729 568 2793 nihil
592 2729 673 2793 mihi
698 2730 812 2793 abesse
837 2729 924 2812 apud
946 2733 992 2812 11,
1020 2729 1104 2793 nihil

89 2817 262 2882 detrahere
291 2839 425 2903 prorsus
453 2821 510 2882 aut
540 2816 578 2881 (11
606 2839 714 2882 amore
743 2820 800 2881 tuo
830 2821 887 2880 aut
915 2817 954 2880 (11
984 2817 1103 2881 iudicio

88 2905 276 2971 absentiam
298 2927 411 2971 meam
457 2905 544 2989 quod
567 2905 696 2989 quidem
722 2904 819 2968 abst
805 2908 851 2988 t,e
878 2903 997 2967 artium
1020 2905 1103 3004 opti-

87 3015 219 3060 marum
245 3015 265 3059 a
292 3015 437 3095 pueros
421 2993 670 3076 studiosissimo,
697 3013 735 3056 eo
762 2955 889 3055 facilius
917 2990 1055 3057 debeo
1046 3015 1104 3057 nn·

88 3086 237 3168 patrare,
259 3081 337 3166 quia
358 3104 425 3147 non
446 3104 521 3169 ego,
543 3085 581 3146 ut
603 3080 673 3167 alii,
695 3078 830 3144 feriatus
848 3083 939 3144 aestu
962 3080 1103 3147 maximo
1117 3104 1143 3145 eo

87 3193 179 3258 sum,
201 3191 269 3235 non
291 3193 343 3235 me
365 3170 528 3257 languori,
554 3191 621 3235 non
642 3132 776 3232 iriertiae
799 3171 856 3233 aut
841 3167 1018 3234 tdesidiae
1041 3174 1104 3234 tra·

89 3223 179 3323 didi
182 3280 244 3324 nec
265 3280 378 3324 rursus
401 3259 592 3343 quibusdam
609 3258 761 3341 uoluptat
747 3256 846 3344 tibus,
869 3278 951 3341 quae
969 3280 1043 3322 cum
1061 3259 1102 3323 ab

90 3351 201 3412 aetate
224 3367 309 3432 mea,
332 3351 403 3412 tum
426 3347 524 3412 etiam
546 3347 751 3411 auoluntate
773 3345 963 3432 abhorrent,
985 3346 1041 3411 sed
1063 3345 1105 3411 ad

89 3399 315 3520 explanandas
334 3435 497 3501 Ciceronis
515 3434 677 3502 orationes
696 3457 736 3499 ex
754 3433 870 3500 instiut
871 3440 906 3500 to
924 3456 995 3499 meo
1014 3438 1105 3500 totus

90 3523 237 3589 incubui
283 3523 360 3608 quid
392 3529 502 3591 autem
537 3522 592 3591 his
627 3523 740 3591 trihus
772 3523 968 3603 mensurus,
997 3520 1139 3598 111111·

137 3634 163 3675 Ρ·
175 3634 279 3678 fflflffl
291 3637 408 3686 9111111111
422 3641 538 3686 relectae.
887 3627 930 3676 *A
