2452 3862
409 183 483 239 XIII.
504 183 646 254 Stephano
666 181 771 238 Saulio.
1057 181 1103 248 25

83 353 196 412 tamen
219 345 278 411 otii
301 367 360 429 spe
383 350 544 410 recreatus
561 344 655 409 facile
674 344 891 429 impetrabam
913 366 932 408 a
951 365 1002 408 me
1021 343 1105 429 ipso,

83 441 122 499 ut
147 457 186 499 ex
215 435 321 499 animo
349 455 421 498 meo
450 433 654 518 superiorum
681 432 903 498 molestiarum
931 437 1028 516 atque
1056 433 1102 496 in·

83 524 325 590 commodorum
356 522 545 587 memoriam
572 521 737 587 obliuione
770 521 917 585 delerem.
966 521 1103 608 uigebat

83 613 178 696 item,
204 616 242 676 ut
269 616 376 695 antea,
405 611 544 696 pristina
566 610 623 675 illa
646 632 730 696 cura,
751 632 811 675 nec
835 613 903 675 erat
927 609 1102 695 quidquam

82 701 119 764 in
151 700 231 765 meis
259 699 405 764 consiliis
436 699 615 784 antiquius,
648 721 745 783 quam
776 703 814 763 ut
845 698 974 763 abditas
1003 703 1100 783 atque
1129 723 1144 763 s

83 789 268 872 implicatas
304 789 338 853 in
369 791 477 853 mente
509 787 724 874 cogitationes
753 809 819 852 non
849 788 944 852 modo
976 788 1101 872 aperire

84 882 184 960 atque
215 875 377 961 explicare
400 876 524 962 uerbis,
552 899 666 942 uerum
693 876 791 941 etiam
820 898 974 941 exornare
998 876 1101 960 quasi·

83 987 147 1049 que
166 965 343 1119 pigmentis
361 969 394 1029 61
417 965 581 1030 coloribus
604 965 765 1029 illustrare
784 987 922 1049 possem.
959 987 1011 1029 res
1034 970 1102 1029 erat

81 1075 143 1118 nec
171 1054 281 1140 exigui
304 1054 461 1155 temporis
485 1058 518 1118 et
540 1053 673 1118 maximi
699 1053 829 1138 laboris
875 1057 1005 1138 tempus
1028 1075 1101 1136 non,

83 1147 240 1226 quantum
270 1143 317 1207 rei
344 1142 542 1244 magnitudo
564 1144 676 1227 ferret,
708 1146 828 1227 suppet
814 1133 920 1225 tt,eba
952 1165 1025 1206 cum
1058 1164 1097 1206 ex
1114 1167 1140 1207 ιο

82 1236 193 1295 161616
220 1231 324 1316 patris
353 1231 542 1296 institut’o
533 1254 568 1296 111
596 1231 658 1295 hoc
688 1191 976 1330 imprimendoium
1003 1230 1101 1294 libro·

82 1342 156 1384 rum
175 1341 308 1384 munere
332 1323 365 1383 et
383 1323 450 1383 rest
436 1319 601 1383 tituendae
616 1319 801 1402 antiquitat
792 1342 821 1382 11
834 1340 911 1383 cura
924 1319 1102 1383 distinerer.

81 1407 231 1471 laborem
254 1411 377 1489 autem,
400 1406 454 1470 uel
477 1407 504 1470 si
528 1407 726 1471 abundarem
749 1410 909 1488 tempore,
933 1411 1103 1488 perspecta

84 1494 282 1559 ualetudinis
318 1515 408 1558 meae
442 1494 525 1558 ratio
558 1494 738 1558 recusabat.
787 1497 963 1577 utrumque
994 1498 1104 1558 tamen

84 1605 158 1648 cum
182 1583 334 1647 uoluntas
357 1581 501 1648 uinceret
524 1582 732 1666 quotidieque
751 1581 876 1667 aliquot
898 1582 1144 1648 1111116661-11

83 1671 275 1755 potionibus
299 1675 427 1756 ereptas
450 1670 537 1756 stylo
561 1670 683 1755 darem,
711 1674 783 1736 ecce
810 1692 861 1735 me
888 1670 996 1735 nescio
1020 1671 1102 1755 quis,

83 1762 181 1825 homo
205 1760 391 1825 6611611111
414 1761 544 1825 fortuna
566 1759 655 1845 felix,
677 1759 832 1844 praemiis
850 1764 1046 1825 commotum
1070 1765 1102 1824 et

84 1849 255 1913 blanditiis
287 1853 420 1933 captum
455 1853 553 1934 atque
588 1848 751 1913 irretitum
783 1848 919 1914 Romam
956 1849 1102 1913 abduxit.

82 1937 140 2001 ubi
165 1960 238 2002 cum
260 1938 385 2021 aliquot
408 1959 534 2002 menses
552 1959 619 2002 non
641 1937 675 2001 in
697 1938 757 2038 111,
771 1959 852 2021 quae
871 1959 999 2022 semper
1017 1959 1101 2001 ama-

82 2047 204 2110 ueram,
226 2025 282 2088 litt
268 2030 410 2090 terarum
433 2026 561 2110 studiis,
588 2025 681 2089 sed
672 2025 760 2090 mani
779 2025 959 2090 officiorum
982 2047 1099 2112 genere
1114 2052 1143 2091 ro

83 2113 359 2196 consumpsissem
388 2117 420 2177 61
452 2114 524 2197 1116,
557 2135 652 2213 quem
682 2117 812 2177 secutus
844 2135 944 2195 611111,
975 2118 1102 2178 montes

84 2222 200 2265 aureos
223 2200 350 2284 pollicit
351 2222 390 2264 us
416 2200 473 2264 uix
499 2201 633 2264 minima
660 2204 853 2283 praestaret,
886 2201 1039 2299 collegi
1031 2223 1101 2283 1pse

84 2311 138 2354 me
131 2310 257 2440 tneque
277 2288 382 2353 solum
400 2287 580 2352 studiorum
594 2309 762 2440 meorum,t
766 2309 849 2388 quae
867 2287 1103 2351 intermiseram

83 2400 129 2463 po
131 2377 222 2478 tius,
240 2398 336 2461 quam
360 2376 559 2460 dimiseram,
589 2397 746 2441 16111116
748 2375 827 2440 tiam
854 2375 902 2440 rei
925 2375 1101 2461 familiaris,

83 2467 136 2531 eui
160 2465 224 2530 nisi
248 2464 493 2549 consulerem,'
483 2487 556 2549 ipsa
579 2487 707 2550 quoque
727 2464 860 2530 studia
850 2486 953 2530 iacere
971 2486 1100 2531 necesse
1115 2489 1143 2532 11

84 2560 169 2638 6111,
198 2554 380 2619 habendam
402 2553 485 2618 mihi
511 2553 669 2619 rationem
698 2553 783 2618 duxi.
821 2575 885 2640 quo
909 2554 1076 2620 consilio
1067 2577 1101 2619 111

83 2606 226 2727 patriam
252 2665 401 2707 reuersus
428 2642 526 2706 retuli
554 2665 605 2707 me
633 2642 764 2707 omnino
792 2643 832 2707 ad
858 2647 985 2708 1616161
1012 2665 1101 2708 meas

83 2738 156 2795 tum
179 2731 307 2815 legendi
330 2736 401 2795 tum
424 2731 584 2796 scribendi
608 2730 862 2796 exercitationes.
899 2732 955 2796 sed
978 2736 1049 2797 tum
1067 2731 1101 2795 in

84 2819 262 2884 domestica
293 2840 328 2882 16
360 2819 585 2884 constituenda
616 2824 686 2884 tum
719 2819 753 2884 in
785 2819 991 2884 emendandis
1020 2819 1101 2882 anti-

84 2929 224 2993 quorum
246 2907 341 2972 libris
364 2907 539 2992 districtusr,
561 2912 638 2993 post
661 2929 698 2972 61
716 2930 793 2973 1616
813 2908 910 2972 etiam
929 2906 1101 2971 erudienda
1114 2932 1144 2972 ao

83 2995 252 3061 duodecim
275 2995 435 3060 nobilium
458 2995 710 3061 adolescentium
727 2994 900 3060 Academia
922 3017 982 3078 per
1004 2995 1100 3059 trien·

82 3085 174 3149 nium
198 3087 374 3167 occupatus
394 3085 583 3167 quantulam
602 3083 771 3147 habuerim
790 3083 981 3148 excolendae
1003 3083 1101 3148 facul·

82 3178 185 3237 tatem
216 3172 433 3256 eloquentiae,
461 3177 685 3273 quantumque
718 3170 752 3236 in
784 3171 884 3236 tantis
915 3175 1100 3271 temporum

83 3261 246 3361 angustiis
269 3281 329 3344 per
351 3282 437 3344 eam,
466 3282 565 3344 quarn
588 3260 752 3361 ingressus
776 3282 876 3343 eram,
902 3259 1002 3325 latine
1026 3260 1100 3324 sori-

83 3349 183 3415 bendi
205 3348 293 3413 uiam
320 3349 494 3433 procedere
522 3349 698 3434 potuerim,
720 3348 883 3434 facile,ut
846 3349 1044 3496 uopinor,
1051 3351 1100 3408 est
1114 3365 1142 3405 11

82 3437 278 3504 existimare.
323 3437 421 3503 Nosti
438 3443 485 3521 tu,
508 3435 611 3522 Sauli,
634 3437 724 3503 cuius
747 3438 832 3502 16161
855 3437 978 3538 ingenii
1002 3433 1099 3529 etiam

82 3549 130 3610 61,
154 3548 236 3610 quae
260 3524 478 3591 occultissima
501 3530 576 3590 sunt
580 3525 807 3611 ,assequitur,
829 3525 985 3608 primum,
1009 3517 1099 3584 cuius
