2452 3862
425 158 513 218 XXII.
538 159 629 216 Mario
647 158 768 215 Niaolio.
1061 161 1103 228 51

81 326 192 388 -ueant
222 319 291 408 (alii
321 322 400 386 haec
429 320 601 405 mirantur,
632 321 719 405 apud
748 343 799 386 me
829 320 977 408 uulgaria
1006 320 1107 409 aunt),

88 410 157 476 sed
168 431 248 475 aueo
266 409 500 475 incredibiliter
517 414 691 494 patronum
706 415 850 476 ueterem
864 432 981 495 meum,
998 432 1107 476 meum

81 499 188 565 dico?
232 498 331 564 immo
354 520 432 563 uero
455 498 638 564 litterarum
660 520 697 563 ac
722 499 939 564 studiosorum
962 499 1106 564 omnium

90 588 266 672 ipsumque
289 587 409 653 litteris
433 587 652 674 excellentem,
675 585 896 652 Alexandrum
916 587 1106 654 Farnesium

91 675 297 742 Cardinalem
326 675 474 742 salutare.
522 699 618 761 quem
645 675 784 762 cognoui
810 676 932 741 Romae
961 681 993 742 et
1020 677 1106 742 colui
1133 701 1146 742 a

80 787 232 850 puerum
254 764 439 830 adolescens
466 764 584 830 eximia
611 764 676 830 iam
698 769 770 830 tum
792 764 899 830 indole
923 766 1106 848 praeditum

89 859 126 919 et
150 875 260 919 aarum
282 852 414 918 laudum
432 853 611 939 principiis,
633 876 713 938 quas
732 852 846 919 deinde
869 858 982 919 auctus
1000 858 1106 921 aetate

91 942 193 1008 simul
217 946 249 1007 et
272 941 391 1006 iudicio
414 941 564 1028 perfecit,
587 964 705 1029 magna
728 941 970 1026 exspectatione
992 943 1106 1008 floren-

89 1036 169 1097 tem.
216 1053 280 1115 quo
304 1030 435 1116 quidem
457 1036 604 1116 ternpore
627 1032 837 1096 uehementer
858 1031 937 1096 urbs
959 1031 1031 1115 ipsa
1055 1053 1106 1096 ex·

81 1119 208 1185 citauit
237 1141 288 1184 me
316 1123 414 1204 atque
444 1119 531 1185 acuit
559 1120 594 1185 in
621 1119 728 1186 studio
754 1119 940 1185 liberalium
967 1119 1106 1204 discipli·
1121 1144 1148 1185 10

82 1230 221 1309 narum,
259 1208 414 1291 adspectu
449 1207 522 1292 ipso
555 1208 760 1310 antiquitatis
796 1213 829 1273 et
863 1208 946 1274 mult
932 1207 1038 1309 tiplici
1070 1229 1107 1273 ac

91 1296 184 1362 uaria
210 1297 378 1362 hominum
406 1296 605 1363 eruditorum
633 1297 775 1362 scientia.
820 1296 877 1361 sed
903 1297 977 1361 ut
967 1318 1107 1381 ingenue

90 1387 141 1451 fat
127 1390 209 1469 tear,
243 1385 374 1470 proprie
408 1406 460 1450 me
495 1384 655 1469 expoliuit
683 1384 758 1449 aula
786 1383 932 1449 Farnesii
961 1383 1108 1448 moribus

91 1495 131 1540 ac
161 1474 217 1538 litt
187 1473 296 1557 tteris,
332 1494 405 1539 curn
437 1473 582 1538 uiuerem
613 1471 874 1538 coniunctissime
905 1493 943 1536 ao
974 1470 1108 1536 familia·

92 1562 219 1628 rissime
253 1585 326 1626 cum
358 1562 486 1626 duobus
513 1560 816 1650 praestantissimis
830 1559 923 1645 uiris,
954 1558 1107 1624 Marcello
1122 1584 1148 1626 15

93 1651 233 1717 Coruino
257 1654 290 1715 et
275 1649 506 1716 tBernardino
524 1649 683 1734 Maffaeio,
707 1672 845 1735 quorum
867 1648 914 1713 alt
899 1652 1006 1714 terum
1025 1647 1108 1712 Pon·

92 1741 215 1806 tificem
236 1739 426 1823 maximum,
452 1739 590 1805 alterum
614 1737 827 1823 cardinalem,
854 1736 1108 1839 utrumqueirn·

93 1828 292 1894 mortalitate
260 1827 541 1915 tedignissimum
567 1828 702 1893 aduersa
731 1826 826 1893 bonis
849 1825 1006 1892 artibus
997 1825 1109 1911 rniqua

92 1939 182 1982 mors
205 1917 335 2000 eripuit.
372 1915 477 1992 Quare
501 1916 588 2001 quod
610 1938 661 1981 me
679 1916 829 1981 Parmam
852 1918 1006 1981 uocaset
1029 1913 1109 1979 mul·

91 2006 138 2070 tis
166 2005 277 2068 uerbis
303 2003 423 2069 inuitas
450 2005 682 2089 amantissime,
711 2025 778 2069 non
804 2026 856 2069 ma
883 2003 1048 2068 litteraet
1034 2007 1109 2067 tuae
1123 2029 1150 2070 ao

94 2091 240 2173 sopitum
186 2091 466 2174 umexcitarunt,
496 2091 552 2154 sed
579 2096 760 2156 currentem
789 2092 964 2176 potius,u
942 2095 979 2156 ut
1009 2091 1110 2176 aiunt,

84 2177 282 2242 incitarunt.
327 2176 414 2276 quod
442 2177 567 2241 utinam
597 2199 670 2241 cunr
700 2176 869 2242 uoluntate
901 2182 1006 2242 cetera
1038 2200 1110 2243 con·
1172 2179 1175 2185 ’

95 2268 264 2352 gruerent:
287 2265 353 2328 iam
374 2264 503 2365 iamque
521 2264 691 2329 uobiscum
710 2286 820 2328 oasam.
851 2264 908 2329 sad
925 2263 1016 2328 uides
1035 2264 1111 2364 anni

93 2359 241 2438 tempus,
271 2352 362 2418 uides
384 2351 538 2417 itinerum
565 2351 738 2417 difficultat
723 2355 803 2438 tem;
831 2351 907 2437 scis,
936 2372 1032 2436 quam
1054 2351 1112 2416 im·

96 2441 265 2508 bacillo
239 2464 301 2507 sim
322 2463 465 2526 corpore,
489 2461 586 2526 quam
609 2440 699 2506 tenui
723 2444 756 2506 et
741 2440 820 2506 tad
841 2439 1075 2506 incommoda
1065 2462 1111 2506 m·
1125 2466 1151 2508 aa

95 2531 259 2615 iuriasque
281 2530 362 2595 caeli
389 2529 596 2614 perferendas
618 2551 734 2614 parum
757 2534 844 2614 apto
889 2530 989 2595 timeo
1013 2529 1112 2595 etiam

95 2644 115 2685 a
138 2619 313 2702 militibus,
335 2640 354 2683 a
378 2618 497 2704 quibus
520 2618 624 2684 otium
646 2641 712 2684 non
735 2624 792 2684 est.
835 2640 1002 2684 excurrere
1025 2618 1112 2684 enirn

96 2709 248 2774 dicuntur
275 2711 308 2772 et
335 2707 471 2808 praedas
498 2707 611 2808 facere.
656 2729 723 2773 non
742 2707 848 2808 igitur
869 2707 1011 2792 ueniam,
1039 2729 1113 2772 cum

96 2819 116 2862 a
147 2796 243 2861 uobis
276 2795 339 2860 diei
376 2796 472 2860 unius
508 2794 564 2860 uix
600 2795 748 2861 absim'
739 2796 933 2862 interuallo?
974 2795 1112 2879 ueniam,

96 2885 234 2986 opinor,
247 2906 391 2969 quaeque
409 2883 676 2949 aduersanturet
662 2883 886 2968 timpedinnt,
908 2885 984 2947 cont
986 2903 1113 2948 emnam
1126 2908 1153 2950 so

97 2973 214 3038 omnia
231 2972 327 3037 uolo
352 2972 482 3037 omnino
505 2972 586 3037 meis
609 2971 710 3036 oculis
727 2970 880 3036 Parnesio
904 2967 1041 3034 uidendo
1065 2991 1112 3034 sa-

85 3061 260 3146 tisfacere,
287 3060 362 3125 uolo
390 3061 474 3126 hanc
496 3081 514 3124 ι
537 3083 589 3125 me
612 3060 684 3143 ipso
707 3058 878 3145 gratiam
869 3057 951 3122 inire
974 3060 1007 3122 et
1031 3057 1112 3122 salu·

86 3150 232 3215 tationis
251 3149 368 3236 officio,
391 3148 543 3232 expedito
567 3169 643 3213 sane
666 3168 703 3211 ac
727 3146 817 3212 debit
802 3145 1030 3233 to,perl²ungi
1067 3146 1113 3211 Te

96 3261 190 3324 uero,
217 3237 340 3322 optime
368 3259 405 3302 ao
433 3236 617 3302 doctissime
639 3235 736 3321 Mari,
764 3234 855 3302 cuius
882 3235 1113 3300 consuetudine

96 3331 132 3393 at
165 3348 312 3392 sermone
344 3346 436 3390 careo
467 3325 580 3390 multis
612 3324 731 3389 abhinc
762 3324 868 3408 annis,
905 3345 1001 3409 quem
1032 3319 1155 3385 mihies

96 3420 210 3482 tamen
232 3437 272 3480 ex
295 3414 401 3480 animo
430 3435 607 3499 numquam
634 3411 756 3498 eripuit
781 3434 887 3497 neque
909 3415 1040 3492 tempus
1061 3426 1115 3468 na·

98 3527 163 3588 que
192 3503 428 3591 longinquitas,
462 3504 589 3585 quost
558 3501 664 3567 studio
698 3500 857 3585 compleat
859 3499 915 3652 ap?
962 3493 1117 3577 quantam
