2654 3932
154 192 156 195 ’
204 189 248 254 80
492 188 629 246 XXXVII.
657 188 758 244 Ioanni
776 189 924 246 sambuco.

203 351 316 434 iacere,
340 350 367 414 si
391 373 449 433 per
472 349 647 417 domestica
669 350 801 436 negotia
823 351 942 416 liceret.
985 350 1050 438 sed,
1073 353 1221 443 obsecrO,

203 439 304 503 nolite
336 460 376 502 ex
414 438 481 503 otio
514 444 622 505 uestro
659 461 768 504 meum
797 444 951 523 spectare.
1001 441 1097 506 uobis
1130 443 1220 509 enim

204 531 291 590 certa
314 530 347 591 et
370 526 520 610 expedita
543 531 619 593 sunt
642 527 762 592 omnia:
786 527 866 591 mihi
890 527 1021 592 unicum
1045 534 1094 594 est
1116 532 1215 597 uecti-

202 613 257 700 gal
279 614 438 680 industria
463 637 547 699 mea,
579 637 643 700 qua
668 615 790 680 liberos
817 616 914 701 alere,
946 616 1032 681 tueri
1059 617 1217 685 familiam

175 723 302 788 scogor
330 708 363 767 et
393 704 419 768 si
447 703 626 791 negligam,
655 704 820 770 deseretur
845 704 1038 770 humanitas
1084 707 1148 792 sin,
1178 713 1218 773 ut

202 789 313 876 debeo,
332 790 504 878 diligenter
522 813 640 877 curem,
657 791 759 856 iacere
778 792 885 857 studia
902 814 1032 858 necesse
1051 799 1110 882 est,
1134 817 1216 880 quae

202 880 345 944 solutum
364 880 448 945 curis
462 880 613 946 omnibus
632 880 774 946 animum
791 880 968 965 postulant.
1004 880 1060 968 At,
1078 883 1217 968 inquies,

201 967 273 1052 ipsa
295 968 357 1033 tibi
380 969 485 1033 studia
503 970 644 1034 fructum
667 969 780 1033 ferent.
818 967 902 1034 Cane
926 969 998 1035 aliis
1021 973 1214 1038 cantilenam

200 1055 311 1143 istam,
332 1078 437 1122 mores
461 1078 497 1121 ao
519 1062 666 1141 tempora
688 1057 928 1144 ignorantibus,
951 1058 1031 1122 mihi
1053 1081 1120 1124 non
1142 1082 1217 1144 per-

161 1167 187 1207 ro
201 1145 352 1210 s‘tradebis
380 1149 523 1229 experto.
568 1150 663 1210 uetus
690 1145 747 1211 illa
772 1145 962 1231 Principum
988 1146 1131 1212 uirorum
1159 1148 1214 1212 be·

200 1233 343 1319 nignitas
367 1233 501 1317 exaruit,
524 1233 632 1298 inania
654 1233 801 1318 plerique
825 1239 1012 1318 sequuntur,
1033 1234 1115 1299 nihil
1138 1235 1214 1300 soli-

198 1321 278 1386 dum
308 1327 429 1408 amant,
458 1321 542 1386 nihil
571 1321 791 1409 magnificum,
819 1323 903 1387 nihil
932 1323 1066 1388 illustre.
1111 1323 1214 1390 Vides

201 1408 295 1496 alios,
325 1411 416 1494 quasi
440 1410 611 1495 perdendis
634 1415 761 1475 tantum
784 1410 935 1497 frugibus
957 1412 1026 1477 nati
1049 1411 1129 1498 sint,
1156 1412 1213 1478 im·
1317 1441 1318 1452 ¹

200 1499 350 1564 manibus
384 1499 552 1583 epularum
583 1499 770 1583 sumptibus
799 1521 878 1583 opes
909 1500 1091 1588 exhaurire,
1124 1500 1213 1587 ahos,

119 1597 124 1604 ·
160 1607 186 1648 rs
201 1587 292 1670 quasi
316 1587 414 1652 etiam
435 1587 583 1652 homines
606 1588 709 1672 ipsos,
735 1609 800 1653 non
826 1589 923 1653 modo
945 1589 1055 1675 fruges
1077 1590 1213 1673 perdere

200 1675 372 1758 pulchrum
390 1675 442 1760 sit,
465 1676 634 1741 thesauros
653 1677 814 1741 effrmdere
834 1677 984 1741 collectos
1007 1677 1215 1742 acerbissime

199 1762 234 1826 in
257 1785 294 1827 ea
322 1762 421 1848 bella,
449 1786 530 1848 quae
554 1764 739 1829 uastitatem
762 1765 862 1851 agris,
890 1764 1027 1829 urbibus
1055 1764 1213 1852 incendia,

198 1849 339 1916 humano
362 1853 486 1939 generi,
513 1852 617 1917 aliena
644 1852 785 1918 stultitia
811 1852 1004 1938 miserrimo,
1032 1851 1155 1916 cladem
1178 1858 1213 1918 et

199 1937 334 2002 exitium
365 1939 551 2023 importent.
603 1939 713 2006 Musae
750 1941 880 2007 interim
912 1940 1033 2024 ubique
1064 1940 1213 2006 locorum

158 2047 185 2087 ao
198 2025 322 2112 algent,
353 2027 519 2113 neglectae
549 2029 590 2094 ab
620 2029 675 2114 iis,
705 2029 760 2113 qui
788 2031 898 2095 fouere
927 2051 979 2094 aas
1007 2034 1044 2094 ut
1070 2028 1212 2094 maxime
1317 2115 1318 2118 Ἴ

197 2119 358 2202 poterant,
377 2116 423 2181 ita
441 2117 579 2182 maxime
599 2117 769 2182 debebant.
805 2117 915 2182 Etiam
933 2117 1014 2182 illud
1032 2116 1212 2203 indignum,
1261 2143 1263 2148 ’

198 2204 285 2288 quod
308 2204 476 2290 exsistunt,
500 2206 556 2290 qui
579 2205 685 2290 specie
703 2205 910 2270 liberalitatis
928 2204 1098 2292 gloriolam
1117 2227 1211 2272 aucu-

197 2297 317 2376 pentur
348 2297 380 2358 et
414 2316 484 2359 eam
516 2294 684 2380 uirtutem,
720 2317 739 2358 a
768 2315 832 2378 qua
863 2293 1049 2380 longissime
1082 2294 1211 2379 absunt,

198 2381 288 2464 quasi
311 2381 502 2446 familiarem
526 2404 617 2456 suam
644 2383 690 2446 sic
717 2381 753 2446 in
780 2403 834 2446 ore
860 2381 1015 2468 habeant,
1041 2386 1078 2447 ut
1101 2404 1208 2448 amare

286 2629 319 2677 23
338 2625 404 2693 post
425 2623 550 2678 ‘absunt’
571 2625 720 2694 legebatur
732 2625 763 2680 in
777 2625 869 2695 prima
883 2625 1008 2682 editione
1026 2625 1122 2696 quarti
1135 2626 1204 2682 libri

197 2696 300 2763 (1560):
322 2709 408 2762 quam
426 2694 546 2750 oderumt
564 2711 633 2750 cane
651 2695 732 2765 peius
747 2697 777 2750 et
790 2712 891 2767 angue.
911 2728 945 2738 -
963 2703 998 2752 24
1015 2699 1082 2766 post
1096 2698 1205 2752 ‘amare

195 2765 370 2820 uideantur':
404 2765 562 2836 exemplum
589 2782 687 2822 recens
717 2766 748 2821 in
778 2767 909 2822 manibus
937 2769 981 2822 est
1006 2766 1142 2837 hominis,
1174 2773 1207 2823 ut

196 2851 213 2890 a
236 2835 334 2890 multis
359 2836 468 2906 accepi,
496 2836 679 2906 nobilissimi,
706 2837 755 2906 qui
781 2837 852 2891 mihi
876 2839 906 2892 et
933 2837 1084 2920 obsignata
1106 2838 1208 2892 charta

195 2905 264 2976 quid
282 2906 358 2962 ultro
376 2907 538 2977 promiserit
556 2910 586 2964 et
602 2911 716 2978 postea,
741 2907 834 2962 cultus
857 2925 875 2962 a
893 2923 938 2963 me
957 2908 1109 2977 dihgentsr
1127 2909 1206 2962 omni

195 2993 297 3046 genere
320 2977 407 3034 officii
424 2979 538 3049 qualem
557 2978 635 3034 exitu
658 2996 687 3035 se
705 2977 880 3048 praebuerit,
905 2995 962 3034 non
984 2978 1106 3047 ignoras.
1142 2978 1206 3034 Hoc

194 3047 253 3101 fere
271 3049 369 3103 morbo
391 3050 525 3104 laborant
545 3049 630 3104 multi
653 3065 742 3119 eoque
765 3048 892 3119 grauius,
915 3065 970 3120 quo
993 3049 1085 3104 minus
1110 3065 1206 3104 eorum

195 3116 321 3184 dignitas
340 3121 369 3173 et
387 3120 544 3191 amplitudo
562 3121 625 3176 fert.
663 3138 750 3175 unum
772 3121 822 3174 aut
846 3119 979 3189 alterum,
1003 3120 1053 3175 sed
1072 3137 1159 3174 unum
1176 3120 1208 3175 in

194 3185 292 3257 primis
312 3189 406 3244 animo
425 3191 563 3246 excellere
581 3193 611 3246 et
623 3207 772 3260 personam
785 3190 925 3260 Principis
940 3189 1053 3260 egregie
1068 3189 1207 3246 sustinere

194 3256 292 3326 audio,
317 3259 420 3312 summi
441 3260 531 3314 filium
549 3261 743 3330 Imperatoris,
769 3261 863 3330 ipsum
881 3261 957 3316 orbis
975 3261 1068 3315 terrae
1086 3260 1207 3331 imperio
1317 3289 1318 3296 κ

194 3327 223 3382 di
266 3328 405 3397 ssimum,
429 3330 653 3388 Maximilianum
670 3333 789 3402 Regem,
814 3347 898 3400 quem
921 3332 956 3386 ds
980 3331 1112 3386 omandis
1135 3330 1208 3388 libs·

193 3346 300 3455 rahbbs
319 3399 476 3469 disciplinis
496 3400 635 3470 cogitare,
659 3420 722 3457 cnm
745 3417 793 3456 eas
817 3401 924 3469 optime
947 3401 1064 3469 calleat,
1089 3401 1206 3456 minime
1317 3433 1318 3444 κ

193 3471 287 3526 miror.
319 3470 418 3539 itaquo
435 3472 542 3526 factum
561 3489 579 3526 a
596 3489 641 3527 me
660 3490 717 3528 non
734 3470 902 3540 insipienter
918 3473 998 3541 puto,
1017 3471 1067 3540 qui
1086 3472 1121 3526 de
1140 3470 1207 3526 mit·

193 3542 279 3597 tendo
299 3541 336 3596 ad
354 3558 419 3597 eum
437 3541 509 3598 libro
529 3545 626 3599 nostro
650 3543 810 3613 tequidem
830 3541 1007 3611 approbante
1026 3558 1078 3597 nec
1097 3542 1206 3598 medio-
