2452 3862
85 165 87 168 >
118 198 164 261 44
376 197 477 254 XVIII.
505 195 549 249 Ad
568 194 718 252 Alfonsum
737 194 876 251 Garadum.

120 383 186 425 non
215 358 364 441 ambitio,
393 381 473 443 quae
503 380 598 443 saepe
626 357 790 442 praeclare
817 357 901 421 iacta
928 356 1144 424 fundamenta

120 447 254 513 uirtutis
278 446 409 531 euertit,
439 469 505 511 non
528 446 744 529 commodum,
771 467 838 510 non
864 445 921 511 illa
945 445 1047 512 bonis
1072 448 1142 514 arti·

121 538 184 600 bus
212 535 343 600 inimica
370 536 523 620 uoluptas
550 536 592 600 ab
620 536 682 599 hoc
710 533 816 599 studio
845 533 989 599 deduxit.
1038 557 1079 601 ac
1104 559 1141 602 nc

121 645 207 688 nunc
231 623 362 708 quidem
384 624 529 710 langues,
552 646 626 688 cum
644 627 753 688 tamen
771 622 879 686 omnia
897 622 1011 688 uideas
1031 625 1140 690 ardere

94 712 209 777 cbello
233 734 459 796 armorumque
483 712 624 796 strepitu
646 733 740 776 aures
763 715 838 776 tuae
862 710 1009 795 quotidie
1034 735 1139 796 perso·

120 805 208 866 nent.
254 801 346 885 quin,
379 801 455 865 dum
487 801 596 886 patrui
628 800 692 885 tui,
726 798 860 864 Carolus
894 797 1080 866 Cardinalis
1099 806 1138 867 ‚et

121 889 257 954 Ioannes
280 889 418 954 Palliani
442 889 521 977 dux,
543 893 679 974 uterque
703 889 745 953 ob
770 888 927 953 uirtutem
949 888 1137 956 immortali·

121 982 190 1042 tate
223 978 445 1064 dignissimus,
481 978 684 1061 maximeque
718 980 813 1062 pater
848 981 938 1062 tuus,
974 975 1136 1044 Antonius

121 1066 266 1131 Marchio
289 1065 506 1150 Montisbelli‚
533 1071 630 1130 natus
657 1065 697 1130 ad
725 1088 853 1130 omnem
876 1064 1017 1152 gloriam
1041 1067 1136 1132 omni·

81 1175 109 1213 10
123 1177 185 1238 que
208 1155 360 1240 princeps
382 1155 477 1220 laude
505 1154 687 1220 cumulatus
714 1154 829 1219 urbem
851 1152 990 1219 Romam
1014 1158 1049 1219 et
1072 1156 1136 1221 iura

119 1243 294 1309 Pontificia
316 1247 462 1327 tuentur,
490 1248 599 1329 partes
626 1243 661 1307 in
688 1242 775 1307 bello
803 1242 940 1327 quisque
968 1265 1046 1308 suas
1069 1266 1135 1310 con-

122 1332 210 1419 silio,
238 1332 422 1420 uigilantia,
449 1332 639 1399 fortitudine
662 1331 709 1396 ita
732 1330 879 1415 explent,
906 1335 944 1395 ut
972 1332 1134 1418 antiquam

35 1462 37 1469 ι
122 1421 281 1486 maiorum
309 1444 441 1487 suorum
468 1408 733 1487 consuetudinem
755 1421 908 1505 referant,
936 1419 1009 1503 ipse
1037 1425 1072 1486 te
1094 1422 1134 1486 in-

121 1514 211 1574 terea
234 1511 379 1575 contines
407 1511 441 1575 in
469 1511 534 1576 tuis
561 1508 759 1594 perennibus
787 1508 902 1573 studiis
930 1509 1134 1595 animumque

81 1617 108 1656 15
122 1602 194 1662 tum
217 1599 289 1662 aliis
312 1621 430 1684 magno
449 1599 601 1681 Principe
624 1597 732 1683 dignis
755 1597 943 1681 uirtutibus
966 1602 1039 1662 tum
1062 1620 1134 1664 uero

122 1685 263 1750 maxime
288 1686 408 1751 excolis
431 1686 629 1771 eloquentia,
653 1686 817 1751 doctorem
840 1685 874 1749 in
898 1708 935 1749 ea
958 1686 1133 1772 ducemque

120 1778 236 1837 nactus
272 1773 382 1838 diuino
424 1774 563 1856 quodam
604 1795 736 1838 munere
774 1775 881 1839 uirum
918 1775 1135 1859 excellentem,

121 1859 275 1924 Ioannem
292 1861 443 1925 Paullum
461 1861 620 1945 Flauium,
641 1862 695 1945 qui
714 1867 746 1926 te
764 1884 851 1928 nouo
870 1863 1011 1946 quodam
1030 1865 1134 1949 plane

122 1969 184 2032 que
212 1948 395 2013 admirabili
423 1972 540 2036 genere
568 1949 769 2037 disciplinae,
799 1951 975 2016 abductum
1004 1975 1023 2016 a
1047 1951 1133 2040 uulgi

81 2056 108 2096 ao
122 2036 286 2101 erroribus
321 2059 381 2121 per
413 2038 567 2103 directam
603 2039 752 2104 semitam
788 2039 829 2103 ad
865 2040 1022 2106 eximium
1058 2041 1135 2108 illud

121 2125 241 2190 ueteris
264 2127 428 2192 Romanae
455 2127 586 2216 linguae
614 2128 710 2193 decus
738 2128 831 2193 facile
860 2128 962 2214 ducit,
991 2152 1057 2214 quo
1086 2128 1134 2195 uel

121 2237 195 2280 cum
217 2216 351 2282 summis
374 2209 543 2283 laboribus
566 2240 603 2283 ac
626 2216 749 2304 uigiliis
773 2217 936 2301 adspirare
960 2219 1058 2302 pauci
1082 2223 1134 2284 aut

120 2305 257 2371 fortasse
281 2306 380 2371 etiam
403 2329 499 2372 nemo
522 2311 641 2390 potest.
687 2327 882 2390 quamquam
905 2328 957 2370 me
979 2329 1134 2374 nonnum·

121 2415 219 2478 quam
246 2394 284 2457 de
313 2397 401 2458 statu
423 2394 558 2458 Latinae
586 2394 717 2479 linguae
745 2394 944 2480 cogitantem
971 2395 1134 2461 miseratio

80 2500 106 2540 25
121 2480 278 2563 quaedam
302 2503 375 2544 cum
398 2482 513 2545 acerbo
533 2481 643 2547 dolore
662 2483 777 2567 tangit.
815 2482 902 2567 quod
924 2483 971 2548 ita
989 2485 1135 2550 futurum

121 2567 228 2631 animo
253 2589 388 2652 cernam,
411 2574 449 2633 ut
471 2570 550 2633 haec
573 2592 633 2654 per
655 2573 706 2635 tot
728 2571 793 2636 iam
817 2572 952 2659 saecula,
974 2594 993 2636 a
1018 2578 1070 2638 tot
1092 2573 1135 2637 in·

120 2654 226 2741 geniis
244 2659 312 2719 tam
331 2655 504 2744 diligenter
519 2657 609 2734 *culta
626 2657 741 2723 Latine
760 2659 922 2725 scribendi
940 2661 1035 2746 ratio,
1055 2683 1135 2759 quae

120 2747 290 2827 parentem
311 2748 457 2810 nostram
475 2745 603 2812 Italiam
621 2747 819 2831 nobilitauit,
844 2770 925 2832 quae
944 2753 995 2814 tot
1018 2751 1054 2815 in
1076 2772 1135 2816 nos

120 2833 236 2898 merita
259 2833 411 2919 contulit,
439 2839 544 2900 aetate
569 2837 698 2901 demum
719 2841 844 2921 nostra,
871 2837 934 2902 nisi
956 2839 1135 2904 remedium

78 2942 107 2981 ao
120 2922 252 3007 aliquod
275 2922 431 2988 diuinitus
455 2925 631 3010 exstiterit,
661 2947 752 2990 suam
779 2926 983 2991 honestatem
1007 2948 1135 2992 omnem

118 3011 267 3095 neglecta
289 3034 421 3095 prorsus
439 3013 474 3078 in
492 3018 688 3098 perpetuum
706 3013 844 3080 amittat.
881 3015 967 3098 quod
991 3015 1020 3080 si
1039 3017 1137 3081 rebus

119 3097 283 3162 inclinatis
306 3100 518 3186 iamiamque
537 3101 727 3166 cadentibus
740 3125 842 3202 ¹opem
860 3104 943 3204 ferre
963 3104 1135 3205 quisquam

119 3189 413 3356 latitabat
428 3188 551 3361 {tlt
568 3189 1136 3365 llrdllltlttltldtt

79 3383 106 3422 aa
120 3360 215 3425 ditus.
262 3383 359 3446 unus,
382 3364 527 3449 inquam,
555 3370 611 3430 aut
633 3388 727 3432 nemo
752 3390 905 3453 umquam
929 3373 961 3433 et
984 3370 1135 3435 Latinam

118 3449 265 3536 linguam
293 3454 326 3514 et
348 3451 525 3517 laudabilia
553 3476 698 3539 quaeque
726 3457 833 3521 studia
860 3461 1005 3522 ueterem
1033 3459 1068 3522 in
1091 3457 1135 3520 di·

118 3539 278 3623 gnitatem
310 3538 497 3606 uindicabit.
544 3543 600 3627 qui
632 3565 706 3609 cum
736 3545 837 3611 frater
868 3544 967 3610 fuerit
999 3547 1053 3612 aui
1086 3544 1135 3610 tui
