2452 3862
164 217 232 282 104
506 212 602 271 xnx.
620 212 666 267 Aa
683 212 766 268 rium
783 212 832 272 111.

168 380 266 444 etiam
296 376 448 440 adiuuare
481 373 658 461 cogeretur.
703 374 832 440 Patauii
862 372 917 438 diu
945 375 1046 462 uixit,
1079 400 1193 462 quam-

167 488 263 550 quam
296 468 363 528 erat
395 463 512 528 habitu
544 468 678 528 naturae
706 485 809 547 prope
837 463 961 548 diuino,
990 464 1195 545 liberalibus

131 560 134 565 '
166 560 275 619 tamen
298 552 477 636 disciplinis
496 552 705 616 uehementer
724 551 862 635 deditus3
885 555 1012 616 etcum
1035 554 1192 640 eloquen-

167 643 232 706 tiae
255 645 352 725 atquc
376 640 601 724 philosophiae
624 640 696 723 pari
716 635 821 704 studio
839 640 1037 726 flagrauerit,
1061 643 1099 706 in
1119 649 1192 708 utra

139 736 276 795 ttamen
298 729 402 815 magis
421 728 582 814 enituerit,
604 750 670 792 non
688 727 782 792 facile
801 732 850 792 est
873 727 1070 794 existimare.
1110 731 1191 796 illud

168 823 254 883 certe
278 822 416 902 constat,
441 817 496 900 qui
520 818 574 880 uel
597 816 731 880 meliora
754 815 808 880 uel
830 815 993 881 ornatiora
1022 818 1193 905 scriberet,

167 907 228 970 hac
250 906 417 970 hominum
439 904 594 969 memoria
617 903 763 969 extitisse
781 904 951 969 neminem.
987 927 1186 992 quamquam

168 994 254 1058 idei
282 993 486 1077 propositum
509 993 586 1079 fuit,
619 1014 656 1057 eo
687 991 805 1056 direxit
833 992 1049 1077 cogitationes
1077 1016 1185 1060 omnes

169 1088 265 1166 atque
281 1103 381 1168 curas,
399 1086 436 1146 ut
449 1080 675 1164 philosophiae
695 1079 862 1145 scientiam
880 1102 947 1145 non
965 1086 1033 1146 tam
1046 1082 1183 1166 scriptis,

130 1195 157 1234 ιο
171 1194 267 1256 quam
299 1170 368 1235 uita
398 1169 588 1234 ostenderet.
634 1169 743 1253 itaque
771 1168 874 1232 maior
902 1173 1002 1252 atque
1029 1169 1184 1234 excelsior

170 1257 298 1324 Patauii
321 1259 356 1322 in
379 1258 469 1322 tenui
492 1262 524 1321 et
546 1257 661 1321 humili
685 1258 815 1321 fortuna
837 1256 913 1338 fuit,
937 1278 1035 1340 quam
1056 1278 1129 1322 cum
1151 1257 1188 1321 in

170 1349 285 1434 Regno
310 1347 461 1413 omnibus
485 1345 587 1429 copiis
610 1349 642 1409 et
665 1345 769 1428 ipsius
791 1344 931 1409 maxime
955 1345 1057 1431 Regis
1085 1347 1192 1432 gratia

171 1439 307 1502 floreret
355 1435 427 1521 Hic,
450 1435 503 1498 hio
525 1433 678 1498 nimirum
701 1454 796 1498 uerus
820 1437 868 1497 est
892 1454 928 1497 ac
952 1434 1192 1517 praestantissi

172 1547 243 1589 mus
267 1525 464 1608 optimorum
492 1522 671 1586 studiorum
698 1522 835 1606 fructus,
863 1521 891 1585 si
915 1521 989 1605 quis
1017 1544 1035 1586 a
1060 1522 1193 1606 seipso

131 1636 156 1676 15
172 1614 327 1698 pendeat,
359 1613 386 1676 si
413 1616 597 1693 temporum
629 1609 866 1674 uicissitudines
893 1631 960 1674 non
991 1611 1193 1696 extimescat,

172 1702 199 1766 si
223 1702 375 1765 aduersus
403 1699 571 1763 hominum
594 1698 782 1781 iniquitates
810 1699 1024 1783 fortunaeque
1057 1699 1193 1763 iniurias

171 1789 295 1853 ratione
315 1791 347 1850 et
370 1787 491 1850 uirtute
514 1790 647 1870 pugnet.
694 1807 790 1871 quam
812 1785 847 1849 in
868 1785 950 1851 Polo
974 1788 1192 1852 constantiam

173 1881 205 1939 et
229 1874 420 1957 sapientiam
442 1874 541 1936 fuisse
565 1874 637 1957 quis
659 1874 810 1960 ignorat?
846 1876 1036 1939 metuendae
1063 1881 1193 1940 eranta

172 1962 262 2047 Rege
299 1961 524 2045 potentissimo
552 1960 701 2048 insidiae,
724 1964 896 2027 metuenda
923 1964 988 2048 uis,
1015 1969 1193 2048 propterea

133 2051 260 2134 acquod
283 2053 432 2133 suscepta
454 2049 616 2114 Ecclesiae
640 2072 751 2115 caussa
773 2051 937 2116 luculento
960 2051 1017 2116 illo
1047 2052 1088 2116 de
1110 2053 1197 2118 Pon-⁴

173 2139 269 2204 tifiois
292 2138 483 2203 auctoritate
507 2138 619 2203 libello
643 2143 829 2222 susceptum
852 2139 949 2203 simul
972 2162 991 2203 a
1010 2161 1044 2203 se
1069 2141 1195 2226 grauis·

174 2229 290 2294 simum
310 2228 378 2292 eius
397 2228 506 2292 odium
524 2227 737 2312 intelligebat.
775 2227 982 2292 deserebatur
1001 2228 1102 2293 etiam
1117 2252 1196 2313 quo-

173 2317 252 2383 tidie
275 2317 379 2402 magis
408 2338 426 2379 a
449 2338 483 2379 re
507 2315 697 2396 domestica,
724 2315 864 2380 fortunis
887 2315 1037 2381 exclusus
1062 2318 1196 2401 amplis·

174 2405 272 2470 simis.
318 2426 412 2467 nemo
441 2409 549 2466 tamon
576 2425 649 2467 eum
677 2403 800 2468 deiecto
831 2408 887 2468 aut
916 2404 1056 2469 demisso
1090 2405 1193 2469 sensit

134 2515 159 2555 25
175 2515 243 2556 esse
272 2491 391 2574 anima,
416 2481 512 2555 nemo
541 2491 623 2555 uidit
651 2514 804 2577 umquam
832 2492 974 2556 tristiore
1006 2493 1111 2558 uultu.
1159 2493 1192 2557 in

175 2578 385 2663 sermonibus,
409 2578 443 2641 in
467 2579 716 2662 consuetudine„
729 2580 764 2645 in
783 2580 943 2665 conuictu,
961 2580 996 2643 in
1014 2585 1086 2645 tota
1106 2581 1193 2645 deni*

175 2689 237 2752 que
260 2667 346 2731 uitae
374 2665 498 2730 ratione
521 2667 791 2751 tranquillitatem
813 2669 945 2752 mentis,
969 2690 1067 2753 quem
1090 2670 1193 2734 habu

176 2760 243 2821 erat
262 2760 365 2841 antea,
388 2759 546 2839 perpetuo
565 2755 708 2820 retinuit.
753 2756 822 2822 Neo
837 2757 974 2841 defuere,
999 2778 1081 2841 quae
1099 2776 1192 2822 num*

175 2868 272 2931 quam
295 2848 480 2928 sperauerat
504 2866 540 2908 ac
562 2865 602 2907 ne
631 2845 830 2930 cogitauerat
853 2844 991 2928 quidem,
1015 2845 1118 2909 tantis
1143 2847 1194 2909 de-

135 2957 161 2996 ao
176 2936 245 3000 bita
269 2934 446 2998 uirtutibus
469 2932 620 3016 praemia.
665 2954 740 2996 nam
764 2954 837 2997 cum
860 2933 906 2997 ita
928 2932 1068 3018 uiueret,
1096 2939 1136 2997 ut
1159 2934 1194 2998 in

176 3045 239 3086 uno
263 3023 332 3086 Deo
357 3022 464 3086 omnia
487 3025 634 3106 poneret,
665 3023 783 3104 cetera,
811 3043 892 3104 quae
917 3021 1070 3085 mortales
1093 3022 1195 3085 admi·

175 3113 296 3191 rantur,
319 3110 455 3194 infirma,
479 3110 604 3194 caduca,
627 3108 735 3172 inania
759 3109 898 3193 duceret,
921 3131 1057 3193 cumque
1082 3109 1118 3172 in
1138 3110 1199 3173 illa

175 3197 325 3260 Patauini
349 3197 510 3282 gymnasii
534 3197 734 3282 celebritate,
758 3196 941 3262 domesticis
964 3197 1023 3261 otii
1048 3197 1098 3261 sui
1123 3198 1194 3262 fini-

177 3287 238 3350 bus
262 3288 440 3370 contentus,
464 3306 640 3368 paucorum
663 3285 835 3350 admodum
863 3284 1094 3351 consuetudine
1125 3291 1199 3351 ute-

136 3380 280 3460 aretur,
308 3372 400 3436 breui
423 3376 547 3456 tamen,
575 3377 612 3437 ut
635 3373 699 3438 sibi
722 3373 808 3437 uiam
831 3373 925 3437 facile
949 3372 1053 3436 uirtus
1077 3375 1201 3461 aperit,

177 3465 223 3528 ita
246 3459 389 3527 manauit
413 3461 498 3524 fama
527 3461 565 3524 de
593 3461 775 3526 admirabili
804 3461 872 3526 eius
900 3460 1085 3546 prudentia,
1114 3466 1200 3528 tem·

177 3551 337 3636 perantia,
365 3548 521 3636 doctrina,
549 3553 585 3613 ut
613 3550 652 3612 ad
679 3570 772 3615 aures
794 3549 887 3615 Pauli
910 3547 964 3614 ΠΙ.
987 3549 1082 3614 Pont.
1106 3549 1201 3618 Max.
