2452 3862
376 177 423 233 IV.
450 176 621 246 Hieronymo
640 177 802 248 Seripando.
1078 177 1097 240 7

80 363 102 403 a
125 344 158 403 te
182 343 300 424 petam,
322 361 362 404 ne
386 362 437 403 me
459 344 554 424 putes
577 339 609 402 id
632 341 736 404 facere
754 339 937 404 temeritate
960 340 1100 424 quadam

84 450 168 511 mea,
201 450 298 511 quam
330 428 521 492 breuissime
554 432 682 512 potero,
715 451 873 493 summam
902 428 965 492 tibi
995 428 1097 493 totius

84 539 173 581 meae
206 516 448 581 deliberationis
480 539 648 600 exponam
694 516 778 582 Aldo
811 521 903 600 patre
936 517 1098 601 defuncte,

84 627 157 669 cum
180 627 240 691 ego
264 605 321 669 uix
344 605 483 688 primam
509 605 592 670 lucis
619 628 750 670 usuram
756 605 963 707 hausissem,
992 605 1097 670 omnis

82 694 130 757 rei
132 694 410 794 typographicae
434 715 509 758 cura
532 694 572 757 ad
595 716 650 759 eos
673 694 765 777 quasi
783 717 842 778 per
860 717 974 759 manus
997 694 1097 778 uenit,
1124 715 1138 756 a

84 782 141 865 qui
178 782 334 868 sanguine
372 782 547 867 coniuncti,
588 783 704 848 uolunt
690 787 757 847 tate
798 783 982 868 dissimiles
1024 805 1098 847 cum

82 893 202 956 augere
231 870 365 935 domest
341 875 439 935 ticam
466 871 549 935 hanc
574 871 704 936 laudem
731 875 764 936 et
791 872 946 936 deberent
932 875 1002 936 t
970 893 1098 955 pos

82 959 200 1042 sent,
192 982 226 1023 m
248 959 368 1044 medio,
392 959 530 1043 quod
501 964 605 1045 arunt,
628 965 703 1025 nost
704 983 758 1024 rae
781 960 904 1046 gloriae
927 961 1097 1043 famaeque

83 1070 178 1112 cursu
206 1048 399 1113 defecerimt.
446 1071 485 1112 ex
513 1048 570 1113 1110
598 1053 746 1132 tempore
775 1049 896 1133 omnia,
923 1053 960 1112 ut
988 1048 1097 1133 inquit

82 1137 191 1220 1111,
193 1136 227 1200 in
254 1137 348 1221 peius
370 1159 463 1202 ruere
491 1159 527 1202 ac
555 1141 604 1202 ret
605 1160 641 1202 ro
670 1138 825 1221 sublapsa
851 1136 985 1202 referri'.
1030 1159 1097 1202 non
1111 1161 1138 1201 10

83 1225 170 1289 enim
193 1225 323 1309 quidem
346 1225 504 1309 <11011>
494 1249 530 1290 111
552 1226 613 1290 hac
636 1231 729 1310 parte
697 1226 854 1291 ltibere
882 1226 985 1310 loqui,
1015 1248 1097 1310 quae

81 1313 124 1374 ad
147 1313 268 1378 aliost
254 1318 324 1379 1011
351 1315 570 1397 pertinet,et
597 1318 706 1378 tamen
732 1314 848 1378 haec
839 1337 911 1398 1psa
939 1315 1070 1399 cogitan
1013 1315 1099 1378 tanti

84 1400 234 1465 1111111111
253 1402 464 1466 stomachus
455 1406 504 1466 mt
490 1402 618 1465 tendum
636 1406 746 1465 mouet
747 1424 841 1485 ur‚u
818 1405 855 1464 ut
874 1423 977 1484 paene
996 1401 1099 1465 fronti

84 1487 279 1552 feriamt
252 1489 362 1572 itaque
390 1488 452 1552 feci
480 1488 588 1553 dolore
616 1489 794 1552 inflammat
780 1493 846 1571 tus,
877 1488 962 1573 quod
989 1489 1108 1553 nullae.

85 1576 227 1640 rationes
259 1576 331 1640 aliis
361 1576 553 1660 persuadere
583 1576 662 1641 satis
692 1577 888 1660 potuissent,
918 1599 1033 1661 meque
1064 1578 1098 1642 in
1112 1600 1138 1641 15

83 1664 143 1728 has
166 1665 407 1749 occupationes
429 1664 464 1729 in
487 1665 606 1748 quibus
625 1665 729 1729 adhuc
751 1687 875 1750 uersor,
898 1665 1029 1750 penitus
1051 1689 1099 1730 re·

83 1757 250 1838 pugnante
268 1757 384 1817 natura
403 1753 532 1818 conieci.
560 1775 646 1817 nunc
665 1753 699 1818 in
718 1776 788 1818 eam
807 1776 916 1819 curam
935 1755 1099 1839 incumbo,

84 1846 134 1924 ut,
163 1863 235 1905 cum
264 1842 306 1905 ab
330 1842 392 1906 hoo
414 1841 566 1906 instituto
590 1842 684 1906 breui
711 1843 873 1908 discedere
897 1848 1022 1908 certum
1045 1844 1099 1927 sit,

83 1929 174 2012 prius
202 1930 325 2014 aliquid
353 1930 388 1994 in
418 1934 568 2013 apertum
595 1931 745 2014 referam,
778 1932 865 2015 quod
893 1933 1098 2015 superiorum

82 2023 268 2100 temporum
291 2020 447 2083 offensam
470 2018 638 2083 emendare
666 2020 832 2084 commode
856 2020 968 2104 possit.
1015 2042 1097 2103 quae
1112 2043 1140 2084 10

83 2128 195 2169 caussa
218 2106 290 2188 fuit,
312 2110 348 2168 ut
367 2106 400 2168 in
420 2105 606 2170 Ciceronem
625 2112 657 2170 et
675 2107 710 2172 in
728 2108 870 2192 reliquos
889 2131 908 2172 a
926 2113 959 2172 te
977 2113 1099 2193 petam,

83 2215 187 2276 eoque
209 2193 244 2257 id
265 2193 416 2257 audacius
440 2194 506 2278 egi,
531 2194 617 2276 quod
640 2195 674 2257 in
696 2194 758 2258 hoc
781 2196 890 2280 agitur
912 2218 978 2260 non
1001 2197 1098 2261 modo

83 2282 147 2346 mei
171 2281 267 2346 unius
293 2281 398 2345 honor
425 2285 458 2344 11
485 2280 752 2364 emolumentum,
780 2281 836 2345 sed
864 2283 962 2346 etiam
985 2282 1099 2346 Italiae

83 2375 212 2435 nostrae
235 2371 306 2435 laus
330 2374 362 2434 et
385 2368 503 2454 gloria,
531 2391 613 2454 quae
641 2370 668 2434 si
696 2392 715 2433 a
739 2369 887 2435 barbaris
910 2370 1098 2435 hominibus

84 2460 118 2523 in
141 2456 213 2525 hoc
225 2480 342 2545 genere
366 2462 544 2543 superatur,
568 2457 645 2542 quid
664 2463 773 2542 potest
797 2481 866 2524 esse
889 2459 1018 2544 turpius
1041 2465 1099 2524 aut
1112 2483 1140 2524 11

83 2548 187 2612 ueteri
209 2551 320 2612 nostra
348 2546 587 2612 existimatione
615 2547 801 2633 indignius?
841 2571 902 2635 ego
929 2571 1007 2614 uero
1034 2549 1099 2614 huc

83 2658 195 2700 omnes
217 2658 335 2700 neruos
357 2636 490 2701 intendo
518 2635 669 2721 omnique
697 2659 763 2701 non
786 2637 891 2702 solum
915 2638 1022 2703 studio
1045 2660 1099 2702 ue-

84 2747 157 2788 rum
188 2724 285 2788 etiam
313 2724 518 2788 contentione
546 2724 665 2808 enitor,
694 2730 744 2810 ut,
776 2725 932 2810 quidquid
961 2727 1002 2790 ab
1032 2725 1099 2790 illis

83 2817 234 2896 ereptum
255 2813 398 2897 uidetur,
425 2812 550 2897 patriae
573 2817 716 2897 nostrae,
744 2835 827 2898 quae
854 2836 982 2897 semper
1005 2814 1099 2897 quasi

84 2905 245 2966 mercatus
275 2900 405 2985 quidam
435 2902 593 2966 bonarum
621 2902 740 2966 artium
768 2906 817 2966 est
847 2902 974 2985 habita,
1005 2901 1097 2965 resti·
1111 2930 1141 2969 10

84 2994 217 3053 tuorem.
264 2989 350 3072 quod
378 2989 419 3072 si,
451 2994 488 3053 ut
516 3011 625 3074 spere,
657 3011 822 3074 assequar,
854 2995 925 3054 tum
954 3011 1030 3054 uero
1061 2989 1099 3053 li-

84 3079 200 3142 benter
236 3078 332 3141 istam
367 3081 470 3142 artem
503 3078 646 3142 desinam
678 3078 827 3161 dictaque
858 3078 1099 3164 typographico

83 3166 210 3231 muneri
234 3166 337 3230 salute
365 3165 467 3230 multa
496 3166 573 3249 <in>
602 3165 706 3230 otium
734 3189 797 3250 1111,
828 3170 864 3230 11
891 3167 1015 3251 possim
1042 3167 1100 3231 ali·

82 3254 212 3338 quando
245 3254 405 3318 arbitratu
437 3276 522 3338 meo,
559 3254 593 3318 id
625 3259 673 3319 est
706 3276 779 3319 cum
810 3255 946 3340 uirtute,
978 3255 1100 3338 uiuere,

176 3461 918 3590 1011111111111110111Ξ3110111100.-
940 3461 1100 3534 11<lioet>

83 3533 265 3589 inserendum
290 3537 412 3590 erat.-
436 3539 470 3587 33
493 3533 565 3605 (in)
627 3533 750 3589 nendum
774 3537 843 3590 erat.
