2452 3862
421 1189 769 1274 PRAEFATIO.

176 1483 229 1549 Ad
248 1485 386 1550 edendas
403 1485 497 1550 Pauli
514 1485 662 1568 Manutii,
686 1484 884 1569 bibliopolae
902 1485 1021 1551 Veneti
1045 1487 1105 1552 cla-

85 1573 215 1659 rissimi,
225 1573 382 1658 epistulas
396 1574 598 1661 adgredienti
611 1574 693 1638 mihi
701 1597 768 1639 non
777 1573 950 1639 uidebatur
960 1575 1104 1661 dubium,

87 1663 167 1746 quin
199 1662 253 1727 uel
284 1662 426 1726 maxima
459 1685 569 1728 earum
602 1686 678 1747 pars
707 1686 774 1728 non
810 1666 937 1729 tantum
967 1664 1104 1730 haberet

85 1751 327 1834 oblectationiS,
355 1756 391 1817 ut
419 1751 535 1838 dignae
560 1757 681 1837 essent,
710 1774 792 1836 quae
819 1752 871 1818 his
898 1753 1104 1837 temporibus

85 1841 321 1905 euoluerentur.
378 1839 465 1917 Quae
492 1840 568 1905 licet
603 1841 643 1904 ad
675 1841 893 1926 eloquentiam
926 1841 1104 1907 Ciceronia-

83 1950 159 1993 nam
181 1929 329 2012 proxime
352 1929 513 2014 accedant,
537 1934 655 2015 tamen,
678 1952 760 2014 quae
783 1929 872 1994 illius
895 1930 1023 1995 aetatis·
1036 1935 1104 1996 erat

85 2016 297 2101 consuetude,
328 2021 458 2081 tantum
489 2018 665 2083 uerborum
697 2018 829 2102 copiam
856 2019 910 2083 uel
942 2019 1104 2083 salutandi

85 2105 139 2168 uel
165 2103 317 2168 laudandi
344 2104 450 2189 gratia
477 2105 604 2189 ineos,
631 2105 672 2168 ad
695 2128 776 2188 quos
800 2106 958 2189 epistulae
987 2107 1105 2171 daban·

83 2197 153 2276 tur,
180 2192 278 2276 pleno
307 2191 399 2275 quasi
422 2213 522 2256 comu
545 2192 726 2277 effundunt,
754 2197 791 2256 ut
818 2193 853 2256 in
883 2216 1008 2257 summa
1034 2217 1104 2258 uer·

85 2281 202 2345 borum
229 2280 379 2345 ubertate
407 2303 447 2344 ex
479 2280 625 2346 exilitate
653 2285 761 2346 rerum
787 2280 930 2345 taedium
957 2305 1103 2346 nonnun-

26 2387 30 2395 ·
85 2392 182 2453 quam
219 2369 358 2453 obrepat
387 2369 583 2455 legentibus.
634 2370 716 2435 Eius
746 2369 793 2434 rei
823 2370 919 2454 culpa
949 2370 1102 2436 accidisse

85 2463 180 2541 puto,
203 2462 240 2522 ut
263 2458 362 2522 etiam
386 2480 440 2523 eae
465 2458 623 2542 epistulae
646 2459 813 2545 neglectae
835 2458 990 2544 iacerent,
1020 2483 1102 2545 quae

85 2545 184 2610 etiam
210 2568 296 2611 nunc
324 2546 384 2631 eia,
417 2547 473 2630 qui
500 2548 554 2612 uel
580 2547 711 2613 illorum
738 2553 921 2632 temporum
948 2549 1102 2614 historiae

84 2634 138 2698 uel
160 2633 334 2698 latinitatis
362 2634 478 2700 studiis
504 2641 626 2701 nauant
654 2659 799 2720 operam,
825 2659 893 2701 non
919 2659 1032 2703 uereor
1061 2661 1103 2702 ne

83 2722 150 2786 sint
173 2721 372 2787 iniucundae.
417 2724 499 2788 Dico
523 2747 584 2810 eas,
609 2725 728 2810 quibus
746 2724 850 2808 ipsius
867 2725 1007 2790 Manutii
1025 2726 1103 2809 uita,

82 2815 200 2875 natura
221 2810 454 2877 humanissima
476 2835 646 2896 moresque
669 2813 896 2898 candidissimi,
919 2814 1042 2878 sincera
1066 2837 1103 2880 ac

83 2921 151 2963 non
180 2899 288 2964 fucata
320 2899 355 2963 in
385 2901 491 2965 Deum
524 2902 643 2986 pietas,
677 2901 886 2987 infatigatum
917 2902 1101 2966 litterarum

84 2987 237 3073 studium,
251 2987 381 3052 labores
395 2993 427 3053 et
446 3012 507 3072 pro
522 2989 740 3055 conseruanda
753 2990 1102 3074 retinendaquepatris

84 3076 216 3140 officina
243 3081 275 3140 et
302 3099 363 3160 pro
386 3077 506 3141 tuenda
528 3077 724 3143 Pontificum
745 3078 966 3143 Romanorum
994 3085 1102 3145 aucto·

83 3164 181 3228 ritate
205 3165 357 3250 suscepti,
380 3165 468 3230 illius
491 3188 563 3230 cum
587 3166 777 3251 aequalibus
799 3167 949 3250 plurimis
971 3169 1025 3232 uel
1047 3192 1101 3233 no·

84 3252 245 3318 bilissimo
272 3253 344 3318 loco
373 3253 454 3318 ortis
482 3255 535 3318 uel
561 3255 744 3319 litterarum
771 3255 865 3319 laude
888 3256 1028 3320 maxime
1055 3257 1101 3320 in-

83 3340 232 3426 signibus
262 3364 339 3406 usus
369 3364 405 3405 ac
435 3342 638 3408 familiaritas
668 3349 903 3430 cognoscantur
933 3349 965 3408 et
997 3366 1101 3427 paene

83 3429 145 3492 sub
169 3429 280 3494 oculos
299 3429 508 3495 subiciantur.
546 3430 632 3508 Quas
655 3432 683 3496 si
702 3455 742 3496 ex
761 3431 937 3496 obliuionis
956 3431 1100 3495 tenebris

473 3516 636 3652 90311
