2452 3862
155 182 222 247 μ122
475 179 545 235 LVI
572 180 656 236 Petro
675 178 851 250 Perpiniano.

157 342 350 428 respexerit,
378 342 405 406 si
429 364 502 406 cum
526 341 660 408 ecclesia
683 340 861 427 catholica,
889 341 974 408 idest
999 365 1078 410 eum
1102 345 1178 432 Deo,

157 431 289 499 redierit
311 430 346 494 in
369 431 516 516 gratiam,
539 435 617 496 tunc
641 453 701 516 ego
720 453 771 496 me
790 431 1040 517 illirestituam,
1065 400 1178 502 tollant

157 520 321 585 hominem
345 522 377 584 et
400 521 537 604 ornabo,
565 523 722 604 quantum
749 519 784 584 in
811 541 863 583 me
890 520 965 603 erit,
993 484 1176 590 millum
1153 546 1177 594 11

157 610 266 673 deesse
290 631 309 672 a
330 631 382 672 me
406 608 549 673 officium
572 608 691 695 patiar,
714 608 800 692 quod
823 608 913 671 ad
886 630 955 673 erus
980 609 1177 696 dignitatem

128 696 492 781 rexistimationemque
524 697 693 781 pertineat.
749 696 841 774 Quod
872 697 989 763 scribis
1022 699 1176 787 Lugduni
1216 745 1218 751 ,

156 786 319 850 meliori
310 809 374 851 1am
401 785 472 851 loco
500 785 691 871 religionem
715 807 784 851 esse
807 785 871 850 et
862 808 897 850 m
921 808 958 851 eo
982 791 1017 851 te
1043 811 1176 873 operam

156 879 286 939 strenue
308 897 441 958 nauare,
468 896 535 939 non
556 874 698 939 mirort
700 874 789 939 etui
740 873 950 939 tsimilem
975 898 1063 964 esse,
1089 901 1175 962 prae

156 963 305 1028 sertim
297 986 332 1028 111
359 963 520 1028 communi
548 963 633 1028 salut
619 967 665 1047 te,
695 962 859 1047 publicam
892 985 969 1028 uero
999 930 1073 1032 reni
1104 989 1175 1052 quo

150 1052 234 1118 tidie
266 1051 421 1116 melius
412 1075 472 1138 111,
509 1055 621 1116 contra
653 1074 749 1136 quam
783 1056 816 1117 et
848 1053 1028 1135 sperabant
1061 1055 1176 1122 nefarii

116 1163 143 1203 10
155 1140 358 1205 hommcse
344 1141 535 1227 tagebant,
558 1141 766 1206 uehementer
788 1141 922 1227 gaudeo.
967 1141 1043 1207 Rex
1068 1149 1128 1210 aut
1129 1167 1176 1212 em

155 1229 340 1294 adolescens
376 1251 413 1294 ac
447 1251 549 1313 paene
586 1251 667 1313 puer
700 1251 773 1294 cum
805 1229 839 1294 in
872 1228 995 1294 Christi
1028 1253 1176 1303 caussam

155 1322 246 1383 tanto
284 1317 390 1383 animo
432 1317 576 1402 coeperit
612 1318 812 1419 incumbere,
831 1340 1007 1419 ⁸superare
1046 1322 1176 1389 uidetur

154 1412 294 1472 aetatem
316 1407 494 1473 uirtuteet
517 1406 664 1490 plane1s
682 1429 761 1495 1111,
784 1406 840 1491 qui
861 1407 1023 1473 maiorum
1042 1431 1177 1477 suorum

154 1495 305 1561 laudibus
335 1495 507 1597 aliquando
537 1461 761 1580 respondeat.
786 1495 964 1560 Posseuino
994 1519 1072 1562 meo
1106 1522 1176 1565 cum

115 1603 141 1644 15
155 1585 240 1649 salut
226 1589 293 1649 tem
316 1607 335 1648 a
357 1607 408 1649 me
432 1584 612 1685 scripseris,
639 1585 701 1649 hoc
728 1585 838 1670 addes,
864 1584 1059 1652 memoriam
1088 1588 1176 1654 illius

153 1679 283 1738 nostrae
306 1672 425 1738 ueteris
449 1673 607 1738 amicitiae
632 1694 700 1738 esse
723 1673 972 1774 periucundum,
994 1675 1054 1740 sed
1072 1676 1176 1777 longe

154 1762 259 1826 carius
290 1762 451 1847 longeque
484 1761 668 1847 iucundius,
703 1762 789 1846 quod
821 1784 931 1827 omnes
963 1761 1095 1848 ingenii
1129 1765 1176 1831 sui

153 1849 240 1913 uires
267 1849 308 1911 ad
331 1849 551 1933 profligandos
573 1848 679 1934 Apost
665 1851 781 1915 tolicae
808 1850 893 1916 sedis
920 1851 1034 1916 hostes
1058 1853 1177 1919 felicis-

154 1936 233 2000 sime
257 1937 440 2018 profundat
486 1942 560 2024 grat
546 1938 633 2003 tulor
656 1961 732 2004 sane
755 1938 916 2023 optimo
906 1939 1020 2005 ruueni
1045 1941 1087 2006 de
1115 1943 1178 2008 ista

113 2047 143 2087 ao
156 2023 256 2088 facult
242 2027 309 2087 tate
338 2047 397 2088 neo
428 2025 542 2091 dubito
524 2049 556 2112 o,
587 2027 666 2110 quin
695 2049 768 2092 eum
797 2049 936 2114 semper,
966 2049 1176 2116 quocumque

155 2116 219 2198 eat,
248 2135 481 2267 quamcumque
509 2138 577 2179 rem
605 2115 826 2202 aggrediatur,
853 2137 916 2199 ope
943 2136 1002 2180 sua
1025 2116 1176 2185 Deus
1146 2125 1176 2184 1

153 2208 368 2303 prosequatur
396 2203 460 2267 et
451 2208 550 2268 iuuet.
595 2203 788 2291 Rouillium,
818 2207 968 2288 praestan
969 2203 1177 2273 tihumani·

153 2296 220 2356 tate
251 2291 370 2378 uirum,
400 2293 530 2379 egregie
561 2292 599 2355 de
628 2292 785 2393 religione
813 2292 1015 2378 sentientem,
1044 2295 1074 2359 si
1104 2319 1177 2362 meo

152 2381 282 2444 nomine
302 2344 501 2466 saliitaueris,
525 2381 747 2466 gratissimum
765 2381 887 2446 feceris.
915 2380 1006 2447 Vale.
1039 2383 1176 2472 Romae,

111 2488 140 2530 11
153 2467 238 2532 XIV.
261 2467 333 2533 Kal.
355 2469 431 2533 Dec.
453 2433 616 2533 MbLXV.

244 2553 324 2618 Cum
357 2555 441 2639 epist
427 2555 527 2620 tolam
560 2557 801 2660 complicarem,
837 2558 926 2625 uenit
912 2558 999 2622 tad
1032 2582 1102 2646 me,
1140 2567 1176 2629 ut

153 2641 249 2728 solet,
278 2642 377 2707 officii
400 2649 473 2729 grat
474 2643 506 2707 ia
529 2645 708 2711 communis
732 2648 867 2734 amicus,
897 2645 1038 2732 diligens
1062 2615 1175 2718 obser·

153 2736 209 2796 uat
211 2753 247 2796 or
195 2731 472 2797 tdoctrinaet
458 2737 546 2819 t,uae
569 2733 728 2801 Zerbinus
751 2736 868 2802 Ritius
912 2735 940 2800 is
963 2738 1114 2826 rogauit,
1138 2744 1175 2806 ut

152 2821 289 2886 salutem
316 2821 379 2886 tibi
408 2821 474 2886 suis
501 2785 611 2888 ueirbis
639 2823 862 2890 adscriberem
908 2823 996 2909 quod
1023 2827 1171 2894 facioli

110 2929 140 2971 ao
153 2909 311 2976 bentert
296 2914 393 2995 teque
423 2933 517 2997 rogo,
549 2912 575 2976 si
602 2916 712 2976 tamen
741 2913 803 2978 hoc
830 2936 873 2998 pa
873 2913 954 2978 titur
981 2913 1173 2984 humanitas

151 3002 221 3086 tua,
245 3004 282 3066 ut
304 3023 391 3066 ames
414 3000 565 3066 iuuenem
589 3022 695 3066 amore
719 3005 776 3067 tuo
801 3002 942 3089 dignum.

552 3269 766 3278 .-...-—-——
