<?xml version="1.0" encoding="UTF-8"?>
<!DOCTYPE html PUBLIC "-//W3C//DTD XHTML 1.0 Transitional//EN"
    "http://www.w3.org/TR/xhtml1/DTD/xhtml1-transitional.dtd">
<html xmlns="http://www.w3.org/1999/xhtml" xml:lang="en" lang="en">
 <head>
  <title>
</title>
<meta http-equiv="Content-Type" content="text/html;charset=utf-8" />
  <meta name='ocr-system' content='tesseract 3.04.00' />
  <meta name='ocr-capabilities' content='ocr_page ocr_carea ocr_par ocr_line ocrx_word'/>
</head>
<body>
  <div class='ocr_page' id='page_1' title='image "./paulimanutiiepi01fickgoog_0040.png"; bbox 0 0 2452 3862; ppageno 0'>
   <div class='ocr_carea' id='block_1_1' title="bbox 412 187 1100 260">
    <p class='ocr_par' dir='ltr' id='par_1_1' title="bbox 412 187 1100 260">
     <span class='ocr_line' id='line_1_1' title="bbox 412 187 1100 260; baseline 0 -18"><span class='ocrx_word' id='word_1_1' title='bbox 412 187 484 243; x_wconf 85' lang='lat' dir='ltr'><strong>XIV.</strong></span> <span class='ocrx_word' id='word_1_2' title='bbox 504 187 614 260; x_wconf 86' lang='lat' dir='ltr'><strong>[Ioanni</strong></span> <span class='ocrx_word' id='word_1_3' title='bbox 634 187 778 260; x_wconf 85' lang='lat' dir='ltr'><strong>Sturmio].</strong></span> <span class='ocrx_word' id='word_1_4' title='bbox 1058 189 1100 252; x_wconf 79' lang='grc'><strong>27</strong></span> 
     </span>
    </p>
   </div>
   <div class='ocr_carea' id='block_1_2' title="bbox 33 343 1182 1054">
    <p class='ocr_par' dir='ltr' id='par_1_2' title="bbox 33 343 1182 1054">
     <span class='ocr_line' id='line_1_2' title="bbox 86 343 1102 435; baseline 0.002 -21"><span class='ocrx_word' id='word_1_5' title='bbox 86 350 198 414; x_wconf 90' lang='lat' dir='ltr'><strong>laetor.</strong></span> <span class='ocrx_word' id='word_1_6' title='bbox 235 349 331 435; x_wconf 91' lang='lat' dir='ltr'><strong>cupio</strong></span> <span class='ocrx_word' id='word_1_7' title='bbox 356 349 441 414; x_wconf 92' lang='lat' dir='ltr'><strong>enim</strong></span> <span class='ocrx_word' id='word_1_8' title='bbox 465 354 555 416; x_wconf 88' lang='lat' dir='ltr'><strong>tuam</strong></span> <span class='ocrx_word' id='word_1_9' title='bbox 578 354 648 415; x_wconf 90' lang='lat' dir='ltr'><strong>tum</strong></span> <span class='ocrx_word' id='word_1_10' title='bbox 670 343 916 435; x_wconf 78' lang='lat' dir='ltr'><strong>humanitatem,</strong></span> <span class='ocrx_word' id='word_1_11' title='bbox 938 355 1009 414; x_wconf 91' lang='lat' dir='ltr'><strong>tum</strong></span> <span class='ocrx_word' id='word_1_12' title='bbox 1028 372 1102 434; x_wconf 87' lang='lat' dir='ltr'><strong>pru-</strong></span> 
     </span>
     <span class='ocr_line' id='line_1_3' title="bbox 33 438 1102 523; baseline 0.002 -21"><span class='ocrx_word' id='word_1_13' title='bbox 33 471 34 475; x_wconf 40' lang='lat'><em>*</em></span> <span class='ocrx_word' id='word_1_14' title='bbox 85 439 244 522; x_wconf 79' lang='lat' dir='ltr'><strong>dentiam,</strong></span> <span class='ocrx_word' id='word_1_15' title='bbox 272 459 408 522; x_wconf 87' lang='lat' dir='ltr'><strong>quarum</strong></span> <span class='ocrx_word' id='word_1_16' title='bbox 436 438 537 504; x_wconf 87' lang='lat' dir='ltr'><strong>altera</strong></span> <span class='ocrx_word' id='word_1_17' title='bbox 563 438 627 502; x_wconf 91' lang='lat' dir='ltr'><strong>tibi</strong></span> <span class='ocrx_word' id='word_1_18' title='bbox 657 439 699 502; x_wconf 95' lang='lat' dir='ltr'><strong>ab</strong></span> <span class='ocrx_word' id='word_1_19' title='bbox 731 438 920 506; x_wconf 88' lang='lat' dir='ltr'><strong>hominibus</strong></span> <span class='ocrx_word' id='word_1_20' title='bbox 952 460 1102 523; x_wconf 81' lang='lat' dir='ltr'><strong>amorem,</strong></span> 
     </span>
     <span class='ocr_line' id='line_1_4' title="bbox 82 526 1102 612; baseline 0 -21"><span class='ocrx_word' id='word_1_21' title='bbox 82 527 189 592; x_wconf 84' lang='lat' dir='ltr'><strong>altera</strong></span> <span class='ocrx_word' id='word_1_22' title='bbox 212 527 310 591; x_wconf 89' lang='lat' dir='ltr'><strong>etiam</strong></span> <span class='ocrx_word' id='word_1_23' title='bbox 331 527 488 592; x_wconf 86' lang='lat' dir='ltr'><strong>honorem</strong></span> <span class='ocrx_word' id='word_1_24' title='bbox 508 526 667 612; x_wconf 82' lang='lat' dir='ltr'><strong>conciliat,</strong></span> <span class='ocrx_word' id='word_1_25' title='bbox 690 527 724 590; x_wconf 92' lang='lat' dir='ltr'><strong>in</strong></span> <span class='ocrx_word' id='word_1_26' title='bbox 743 527 973 592; x_wconf 89' lang='lat' dir='ltr'><strong>consuetudine</strong></span> <span class='ocrx_word' id='word_1_27' title='bbox 992 531 1026 591; x_wconf 89' lang='lat' dir='ltr'><strong>et</strong></span> <span class='ocrx_word' id='word_1_28' title='bbox 1039 549 1102 592; x_wconf 89' lang='lat' dir='ltr'><strong>ser-</strong></span> 
     </span>
     <span class='ocr_line' id='line_1_5' title="bbox 87 615 1102 702; baseline 0 -22"><span class='ocrx_word' id='word_1_29' title='bbox 87 616 239 680; x_wconf 87' lang='lat' dir='ltr'><strong>monibus</strong></span> <span class='ocrx_word' id='word_1_30' title='bbox 271 619 446 702; x_wconf 87' lang='lat' dir='ltr'><strong>regustare.</strong></span> <span class='ocrx_word' id='word_1_31' title='bbox 496 638 547 680; x_wconf 91' lang='lat' dir='ltr'><strong>me</strong></span> <span class='ocrx_word' id='word_1_32' title='bbox 584 619 693 680; x_wconf 83' lang='lat' dir='ltr'><strong>autem</strong></span> <span class='ocrx_word' id='word_1_33' title='bbox 725 616 811 701; x_wconf 94' lang='lat' dir='ltr'><strong>quod</strong></span> <span class='ocrx_word' id='word_1_34' title='bbox 847 615 944 681; x_wconf 87' lang='lat' dir='ltr'><strong>huius</strong></span> <span class='ocrx_word' id='word_1_35' title='bbox 975 616 1102 680; x_wconf 89' lang='lat' dir='ltr'><strong>consilii</strong></span> 
     </span>
     <span class='ocr_line' id='line_1_6' title="bbox 86 703 1143 788; baseline 0.001 -20"><span class='ocrx_word' id='word_1_36' title='bbox 86 704 296 788; x_wconf 87' lang='lat' dir='ltr'><strong>praecipuam</strong></span> <span class='ocrx_word' id='word_1_37' title='bbox 322 703 386 768; x_wconf 90' lang='lat' dir='ltr'><strong>tibi</strong></span> <span class='ocrx_word' id='word_1_38' title='bbox 416 704 463 770; x_wconf 89' lang='lat' dir='ltr'><strong>ais</strong></span> <span class='ocrx_word' id='word_1_39' title='bbox 492 725 561 769; x_wconf 89' lang='lat' dir='ltr'><strong>esse</strong></span> <span class='ocrx_word' id='word_1_40' title='bbox 585 726 738 788; x_wconf 84' lang='lat' dir='ltr'><strong>caussam,</strong></span> <span class='ocrx_word' id='word_1_41' title='bbox 768 703 861 768; x_wconf 86' lang='lat' dir='ltr'><strong>facile</strong></span> <span class='ocrx_word' id='word_1_42' title='bbox 891 703 1000 788; x_wconf 87' lang='lat' dir='ltr'><strong>patior</strong></span> <span class='ocrx_word' id='word_1_43' title='bbox 1021 704 1102 769; x_wconf 90' lang='lat' dir='ltr'><strong>mihi</strong></span> <span class='ocrx_word' id='word_1_44' title='bbox 1130 727 1143 769; x_wconf 79' lang='lat' dir='ltr'><strong>s</strong></span> 
     </span>
     <span class='ocr_line' id='line_1_7' title="bbox 86 792 1103 878; baseline 0 -22"><span class='ocrx_word' id='word_1_45' title='bbox 86 792 149 857; x_wconf 92' lang='lat' dir='ltr'><strong>hoc</strong></span> <span class='ocrx_word' id='word_1_46' title='bbox 162 816 181 857; x_wconf 95' lang='lat' dir='ltr'><strong>a</strong></span> <span class='ocrx_word' id='word_1_47' title='bbox 194 796 237 876; x_wconf 90' lang='lat' dir='ltr'><strong>te,</strong></span> <span class='ocrx_word' id='word_1_48' title='bbox 255 793 327 857; x_wconf 90' lang='lat' dir='ltr'><strong>uiro</strong></span> <span class='ocrx_word' id='word_1_49' title='bbox 342 792 544 878; x_wconf 80' lang='lat' dir='ltr'><strong>grauissimo,</strong></span> <span class='ocrx_word' id='word_1_50' title='bbox 557 792 744 877; x_wconf 84' lang='lat' dir='ltr'><strong>persuaderi</strong></span> <span class='ocrx_word' id='word_1_51' title='bbox 758 814 895 877; x_wconf 89' lang='lat' dir='ltr'><strong>amoque</strong></span> <span class='ocrx_word' id='word_1_52' title='bbox 909 792 1103 857; x_wconf 87' lang='lat' dir='ltr'><strong>mirabiliter</strong></span> 
     </span>
     <span class='ocr_line' id='line_1_8' title="bbox 82 881 1102 966; baseline 0.003 -23"><span class='ocrx_word' id='word_1_53' title='bbox 82 881 230 946; x_wconf 80' lang='lat' dir='ltr'><strong>animum</strong></span> <span class='ocrx_word' id='word_1_54' title='bbox 257 885 354 965; x_wconf 89' lang='lat' dir='ltr'><strong>atque</strong></span> <span class='ocrx_word' id='word_1_55' title='bbox 382 902 523 945; x_wconf 88' lang='lat' dir='ltr'><strong>amorem</strong></span> <span class='ocrx_word' id='word_1_56' title='bbox 550 881 650 946; x_wconf 90' lang='lat' dir='ltr'><strong>istum</strong></span> <span class='ocrx_word' id='word_1_57' title='bbox 676 886 778 946; x_wconf 90' lang='lat' dir='ltr'><strong>tuum.</strong></span> <span class='ocrx_word' id='word_1_58' title='bbox 825 881 876 946; x_wconf 94' lang='lat' dir='ltr'><strong>cui</strong></span> <span class='ocrx_word' id='word_1_59' title='bbox 908 881 1102 966; x_wconf 88' lang='lat' dir='ltr'><strong>respondere</strong></span> 
     </span>
     <span class='ocr_line' id='line_1_9' title="bbox 85 969 1182 1054; baseline 0.003 -22"><span class='ocrx_word' id='word_1_60' title='bbox 85 969 203 1033; x_wconf 87' lang='lat' dir='ltr'><strong>officiis</strong></span> <span class='ocrx_word' id='word_1_61' title='bbox 226 969 287 1034; x_wconf 91' lang='lat' dir='ltr'><strong>etsi</strong></span> <span class='ocrx_word' id='word_1_62' title='bbox 311 969 442 1033; x_wconf 87' lang='lat' dir='ltr'><strong>difficile</strong></span> <span class='ocrx_word' id='word_1_63' title='bbox 466 974 525 1054; x_wconf 78' lang='lat' dir='ltr'><strong>est,</strong></span> <span class='ocrx_word' id='word_1_64' title='bbox 547 973 706 1054; x_wconf 90' lang='lat' dir='ltr'><strong>perpetuo</strong></span> <span class='ocrx_word' id='word_1_65' title='bbox 729 973 839 1034; x_wconf 89' lang='lat' dir='ltr'><strong>tamen</strong></span> <span class='ocrx_word' id='word_1_66' title='bbox 857 970 965 1035; x_wconf 88' lang='lat' dir='ltr'><strong>studio</strong></span> <span class='ocrx_word' id='word_1_67' title='bbox 988 974 1021 1034; x_wconf 92' lang='lat' dir='ltr'><strong>et</strong></span> <span class='ocrx_word' id='word_1_68' title='bbox 1040 970 1102 1035; x_wconf 90' lang='lat' dir='ltr'><strong>sin-</strong></span> <span class='ocrx_word' id='word_1_69' title='bbox 1179 988 1182 994; x_wconf 83' lang='lat'>&#39;</span> 
     </span>
    </p>
   </div>
   <div class='ocr_carea' id='block_1_3' title="bbox 81 1057 1142 1211">
    <p class='ocr_par' dir='ltr' id='par_1_3' title="bbox 81 1057 1142 1211">
     <span class='ocr_line' id='line_1_10' title="bbox 82 1057 1102 1143; baseline -0.001 -21"><span class='ocrx_word' id='word_1_70' title='bbox 82 1057 192 1142; x_wconf 82' lang='lat' dir='ltr'><strong>gulari</strong></span> <span class='ocrx_word' id='word_1_71' title='bbox 229 1058 369 1142; x_wconf 91' lang='lat' dir='ltr'><strong>quodam</strong></span> <span class='ocrx_word' id='word_1_72' title='bbox 402 1058 627 1123; x_wconf 85' lang='lat' dir='ltr'><strong>obseruantiue</strong></span> <span class='ocrx_word' id='word_1_73' title='bbox 660 1080 791 1143; x_wconf 81' lang='lat' dir='ltr'><strong>genere,</strong></span> <span class='ocrx_word' id='word_1_74' title='bbox 822 1062 859 1122; x_wconf 93' lang='lat' dir='ltr'><strong>ut</strong></span> <span class='ocrx_word' id='word_1_75' title='bbox 892 1080 1003 1143; x_wconf 87' lang='lat' dir='ltr'><strong>spero,</strong></span> <span class='ocrx_word' id='word_1_76' title='bbox 1039 1059 1102 1122; x_wconf 89' lang='lat' dir='ltr'><strong>tibi</strong></span> 
     </span>
     <span class='ocr_line' id='line_1_11' title="bbox 81 1145 1142 1211; baseline 0 -1"><span class='ocrx_word' id='word_1_77' title='bbox 81 1146 288 1211; x_wconf 78' lang='lat' dir='ltr'><strong>satisfaciam.</strong></span> <span class='ocrx_word' id='word_1_78' title='bbox 334 1145 423 1210; x_wconf 89' lang='lat' dir='ltr'><strong>Vale.</strong></span> <span class='ocrx_word' id='word_1_79' title='bbox 446 1145 602 1211; x_wconf 88' lang='lat' dir='ltr'><strong>Venetiis.</strong></span> <span class='ocrx_word' id='word_1_80' title='bbox 625 1145 772 1211; x_wconf 85' lang='lat' dir='ltr'><strong>MDLIII.</strong></span> <span class='ocrx_word' id='word_1_81' title='bbox 1117 1171 1142 1210; x_wconf 93' lang='lat' dir='ltr'><strong>1o</strong></span> 
     </span>
    </p>
   </div>
   <div class='ocr_carea' id='block_1_4' title="bbox 489 1381 702 1390">
    <p class='ocr_par' dir='ltr' id='par_1_4' title="bbox 489 1381 702 1390">
     <span class='ocr_line' id='line_1_12' title="bbox 489 1381 702 1390; baseline -0.014 0"><span class='ocrx_word' id='word_1_82' title='bbox 489 1381 702 1390; x_wconf 78' lang='lat'><strong>——-</strong></span> 
     </span>
    </p>
   </div>
   <div class='ocr_carea' id='block_1_5' title="bbox 429 1568 655 1661">
    <p class='ocr_par' dir='ltr' id='par_1_5' title="bbox 429 1568 655 1661">
     <span class='ocr_line' id='line_1_13' title="bbox 429 1568 655 1661; baseline 0 -27"><span class='ocrx_word' id='word_1_83' title='bbox 429 1623 436 1634; x_wconf 93' lang='lat'><strong>.</strong></span> <span class='ocrx_word' id='word_1_84' title='bbox 553 1568 655 1661; x_wconf 63' lang='lat' dir='ltr'><strong>niv„</strong></span> 
     </span>
    </p>
   </div>
   <div class='ocr_carea' id='block_1_6' title="bbox 174 1709 1011 1798">
    <p class='ocr_par' dir='ltr' id='par_1_6' title="bbox 174 1709 1011 1798">
     <span class='ocr_line' id='line_1_14' title="bbox 174 1709 1011 1798; baseline 0.001 -24"><span class='ocrx_word' id='word_1_85' title='bbox 174 1709 328 1795; x_wconf 87' lang='lat' dir='ltr'><strong>[Ioanni</strong></span> <span class='ocrx_word' id='word_1_86' title='bbox 351 1709 539 1796; x_wconf 85' lang='lat' dir='ltr'><strong>Sturmio]</strong></span> <span class='ocrx_word' id='word_1_87' title='bbox 563 1711 870 1798; x_wconf 84' lang='lat' dir='ltr'><strong>Argentoratum</strong></span> <span class='ocrx_word' id='word_1_88' title='bbox 894 1721 943 1789; x_wconf 87' lang='lat' dir='ltr'>(II,</span> <span class='ocrx_word' id='word_1_89' title='bbox 960 1721 1011 1787; x_wconf 83' lang='lat'>21).</span> 
     </span>
    </p>
   </div>
   <div class='ocr_carea' id='block_1_7' title="bbox 81 1851 1143 3442">
    <p class='ocr_par' dir='ltr' id='par_1_7' title="bbox 81 1851 1143 3442">
     <span class='ocr_line' id='line_1_15' title="bbox 172 1851 1102 1939; baseline -0.001 -22"><span class='ocrx_word' id='word_1_90' title='bbox 172 1851 243 1917; x_wconf 86' lang='lat' dir='ltr'><strong>Nos</strong></span> <span class='ocrx_word' id='word_1_91' title='bbox 276 1851 345 1935; x_wconf 89' lang='lat' dir='ltr'><strong>hio,</strong></span> <span class='ocrx_word' id='word_1_92' title='bbox 378 1853 501 1938; x_wconf 91' lang='lat' dir='ltr'><strong>optime</strong></span> <span class='ocrx_word' id='word_1_93' title='bbox 537 1852 713 1938; x_wconf 80' lang='lat' dir='ltr'><strong>[Sturmi]‚</strong></span> <span class='ocrx_word' id='word_1_94' title='bbox 750 1853 856 1917; x_wconf 90' lang='lat' dir='ltr'><strong>ordiar</strong></span> <span class='ocrx_word' id='word_1_95' title='bbox 888 1876 907 1916; x_wconf 86' lang='lat' dir='ltr'><strong>a</strong></span> <span class='ocrx_word' id='word_1_96' title='bbox 939 1875 973 1917; x_wconf 92' lang='lat' dir='ltr'><strong>re</strong></span> <span class='ocrx_word' id='word_1_97' title='bbox 1006 1852 1102 1939; x_wconf 80' lang='lat' dir='ltr'><strong>tristi,</strong></span> 
     </span>
     <span class='ocr_line' id='line_1_16' title="bbox 81 1940 1103 2027; baseline 0 -22"><span class='ocrx_word' id='word_1_98' title='bbox 81 1940 213 2026; x_wconf 86' lang='lat' dir='ltr'><strong>quando</strong></span> <span class='ocrx_word' id='word_1_99' title='bbox 240 1940 343 2005; x_wconf 87' lang='lat' dir='ltr'><strong>laetae</strong></span> <span class='ocrx_word' id='word_1_100' title='bbox 369 1964 437 2007; x_wconf 90' lang='lat' dir='ltr'><strong>non</strong></span> <span class='ocrx_word' id='word_1_101' title='bbox 459 1946 653 2027; x_wconf 86' lang='lat' dir='ltr'><strong>suppetunt,</strong></span> <span class='ocrx_word' id='word_1_102' title='bbox 679 1964 799 2006; x_wconf 86' lang='lat' dir='ltr'><strong>annum</strong></span> <span class='ocrx_word' id='word_1_103' title='bbox 825 1941 982 2006; x_wconf 86' lang='lat' dir='ltr'><strong>habemus</strong></span> <span class='ocrx_word' id='word_1_104' title='bbox 1004 1941 1103 2026; x_wconf 89' lang='lat' dir='ltr'><strong>pesti·</strong></span> 
     </span>
     <span class='ocr_line' id='line_1_17' title="bbox 87 2029 1143 2114; baseline -0.001 -21"><span class='ocrx_word' id='word_1_105' title='bbox 87 2031 211 2093; x_wconf 89' lang='lat' dir='ltr'><strong>lentem</strong></span> <span class='ocrx_word' id='word_1_106' title='bbox 240 2033 273 2094; x_wconf 89' lang='lat' dir='ltr'><strong>et</strong></span> <span class='ocrx_word' id='word_1_107' title='bbox 300 2029 550 2114; x_wconf 85' lang='lat' dir='ltr'><strong>pulcherrimam</strong></span> <span class='ocrx_word' id='word_1_108' title='bbox 578 2030 744 2095; x_wconf 86' lang='lat' dir='ltr'><strong>ciuitatem</strong></span> <span class='ocrx_word' id='word_1_109' title='bbox 771 2029 977 2114; x_wconf 86' lang='lat' dir='ltr'><strong>quotidianus</strong></span> <span class='ocrx_word' id='word_1_110' title='bbox 1000 2030 1102 2094; x_wconf 89' lang='lat' dir='ltr'><strong>defor-</strong></span> <span class='ocrx_word' id='word_1_111' title='bbox 1118 2050 1143 2090; x_wconf 85' lang='lat'><strong>15</strong></span> 
     </span>
     <span class='ocr_line' id='line_1_18' title="bbox 84 2118 1101 2201; baseline 0.002 -20"><span class='ocrx_word' id='word_1_112' title='bbox 84 2121 154 2181; x_wconf 89' lang='lat' dir='ltr'><strong>mat</strong></span> <span class='ocrx_word' id='word_1_113' title='bbox 176 2121 325 2200; x_wconf 84' lang='lat' dir='ltr'><strong>aspectus</strong></span> <span class='ocrx_word' id='word_1_114' title='bbox 352 2123 563 2183; x_wconf 86' lang='lat' dir='ltr'><strong>mortuorum.</strong></span> <span class='ocrx_word' id='word_1_115' title='bbox 609 2120 715 2183; x_wconf 90' lang='lat' dir='ltr'><strong>furere</strong></span> <span class='ocrx_word' id='word_1_116' title='bbox 742 2119 807 2183; x_wconf 92' lang='lat' dir='ltr'><strong>iam</strong></span> <span class='ocrx_word' id='word_1_117' title='bbox 835 2118 942 2201; x_wconf 91' lang='lat' dir='ltr'><strong>coepit</strong></span> <span class='ocrx_word' id='word_1_118' title='bbox 966 2119 1101 2183; x_wconf 87' lang='lat' dir='ltr'><strong>morbus</strong></span> 
     </span>
     <span class='ocr_line' id='line_1_19' title="bbox 81 2205 1101 2291; baseline -0.001 -21"><span class='ocrx_word' id='word_1_119' title='bbox 81 2210 119 2270; x_wconf 90' lang='lat' dir='ltr'><strong>et</strong></span> <span class='ocrx_word' id='word_1_120' title='bbox 142 2205 277 2272; x_wconf 87' lang='lat' dir='ltr'><strong>insultat</strong></span> <span class='ocrx_word' id='word_1_121' title='bbox 299 2207 335 2271; x_wconf 92' lang='lat' dir='ltr'><strong>in</strong></span> <span class='ocrx_word' id='word_1_122' title='bbox 358 2229 469 2272; x_wconf 91' lang='lat' dir='ltr'><strong>omnes</strong></span> <span class='ocrx_word' id='word_1_123' title='bbox 492 2206 599 2291; x_wconf 90' lang='lat' dir='ltr'><strong>palam</strong></span> <span class='ocrx_word' id='word_1_124' title='bbox 623 2207 692 2270; x_wconf 91' lang='lat' dir='ltr'><strong>sine</strong></span> <span class='ocrx_word' id='word_1_125' title='bbox 716 2206 909 2288; x_wconf 85' lang='lat' dir='ltr'><strong>discrimine,</strong></span> <span class='ocrx_word' id='word_1_126' title='bbox 932 2206 988 2289; x_wconf 91' lang='lat' dir='ltr'><strong>qui</strong></span> <span class='ocrx_word' id='word_1_127' title='bbox 1007 2210 1101 2270; x_wconf 85' lang='lat' dir='ltr'><strong>antea</strong></span> 
     </span>
     <span class='ocr_line' id='line_1_20' title="bbox 83 2294 1101 2378; baseline -0.001 -20"><span class='ocrx_word' id='word_1_128' title='bbox 83 2294 222 2378; x_wconf 86' lang='lat' dir='ltr'><strong>repebat</strong></span> <span class='ocrx_word' id='word_1_129' title='bbox 249 2295 369 2360; x_wconf 90' lang='lat' dir='ltr'><strong>sensim</strong></span> <span class='ocrx_word' id='word_1_130' title='bbox 397 2299 430 2360; x_wconf 90' lang='lat' dir='ltr'><strong>et</strong></span> <span class='ocrx_word' id='word_1_131' title='bbox 456 2295 597 2359; x_wconf 89' lang='lat' dir='ltr'><strong>latenter</strong></span> <span class='ocrx_word' id='word_1_132' title='bbox 626 2316 686 2359; x_wconf 90' lang='lat' dir='ltr'><strong>nec</strong></span> <span class='ocrx_word' id='word_1_133' title='bbox 717 2295 784 2359; x_wconf 82' lang='lat' dir='ltr'><strong>fere</strong></span> <span class='ocrx_word' id='word_1_134' title='bbox 812 2314 1007 2377; x_wconf 89' lang='lat' dir='ltr'><strong>quemquam</strong></span> <span class='ocrx_word' id='word_1_135' title='bbox 1037 2294 1101 2357; x_wconf 89' lang='lat' dir='ltr'><strong>nisi</strong></span> 
     </span>
     <span class='ocr_line' id='line_1_21' title="bbox 81 2381 1101 2469; baseline -0.002 -22"><span class='ocrx_word' id='word_1_136' title='bbox 81 2381 216 2447; x_wconf 87' lang='lat' dir='ltr'><strong>obscuri</strong></span> <span class='ocrx_word' id='word_1_137' title='bbox 238 2383 301 2448; x_wconf 92' lang='lat' dir='ltr'><strong>loci</strong></span> <span class='ocrx_word' id='word_1_138' title='bbox 324 2384 519 2468; x_wconf 87' lang='lat' dir='ltr'><strong>infimaoque</strong></span> <span class='ocrx_word' id='word_1_139' title='bbox 543 2383 639 2448; x_wconf 87' lang='lat' dir='ltr'><strong>sortis</strong></span> <span class='ocrx_word' id='word_1_140' title='bbox 659 2383 851 2469; x_wconf 84' lang='lat' dir='ltr'><strong>attingebat.</strong></span> <span class='ocrx_word' id='word_1_141' title='bbox 899 2402 998 2465; x_wconf 89' lang='lat' dir='ltr'><strong>quare</strong></span> <span class='ocrx_word' id='word_1_142' title='bbox 1022 2381 1101 2446; x_wconf 93' lang='lat' dir='ltr'><strong>diui·</strong></span> 
     </span>
     <span class='ocr_line' id='line_1_22' title="bbox 83 2469 1141 2557; baseline -0.002 -22"><span class='ocrx_word' id='word_1_143' title='bbox 83 2494 128 2535; x_wconf 89' lang='lat' dir='ltr'><strong>na</strong></span> <span class='ocrx_word' id='word_1_144' title='bbox 151 2476 227 2536; x_wconf 90' lang='lat' dir='ltr'><strong>sunt</strong></span> <span class='ocrx_word' id='word_1_145' title='bbox 255 2472 457 2557; x_wconf 87' lang='lat' dir='ltr'><strong>imploranda</strong></span> <span class='ocrx_word' id='word_1_146' title='bbox 489 2472 642 2537; x_wconf 86' lang='lat' dir='ltr'><strong>remedia:</strong></span> <span class='ocrx_word' id='word_1_147' title='bbox 674 2472 814 2536; x_wconf 87' lang='lat' dir='ltr'><strong>humana</strong></span> <span class='ocrx_word' id='word_1_148' title='bbox 842 2492 939 2555; x_wconf 85' lang='lat' dir='ltr'><strong>quam</strong></span> <span class='ocrx_word' id='word_1_149' title='bbox 966 2469 1100 2554; x_wconf 86' lang='lat' dir='ltr'><strong>iaceant,</strong></span> <span class='ocrx_word' id='word_1_150' title='bbox 1114 2490 1141 2531; x_wconf 79' lang='lat' dir='ltr'><strong>ro</strong></span> 
     </span>
     <span class='ocr_line' id='line_1_23' title="bbox 81 2558 1100 2644; baseline -0.003 -19"><span class='ocrx_word' id='word_1_151' title='bbox 81 2581 181 2644; x_wconf 86' lang='lat' dir='ltr'><strong>saepe</strong></span> <span class='ocrx_word' id='word_1_152' title='bbox 211 2559 321 2626; x_wconf 91' lang='lat' dir='ltr'><strong>docuit</strong></span> <span class='ocrx_word' id='word_1_153' title='bbox 350 2566 494 2627; x_wconf 89' lang='lat' dir='ltr'><strong>euentus.</strong></span> <span class='ocrx_word' id='word_1_154' title='bbox 539 2560 644 2626; x_wconf 87' lang='lat' dir='ltr'><strong>Vobis</strong></span> <span class='ocrx_word' id='word_1_155' title='bbox 677 2565 762 2626; x_wconf 90' lang='lat' dir='ltr'><strong>recte</strong></span> <span class='ocrx_word' id='word_1_156' title='bbox 798 2559 872 2624; x_wconf 89' lang='lat' dir='ltr'><strong>istic</strong></span> <span class='ocrx_word' id='word_1_157' title='bbox 905 2581 973 2624; x_wconf 87' lang='lat' dir='ltr'><strong>esse</strong></span> <span class='ocrx_word' id='word_1_158' title='bbox 1005 2558 1100 2623; x_wconf 83' lang='lat' dir='ltr'><strong>audio</strong></span> 
     </span>
     <span class='ocr_line' id='line_1_24' title="bbox 82 2647 1101 2734; baseline 0 -23"><span class='ocrx_word' id='word_1_159' title='bbox 82 2652 309 2733; x_wconf 90' lang='lat' dir='ltr'><strong>perpetuoque</strong></span> <span class='ocrx_word' id='word_1_160' title='bbox 333 2653 376 2714; x_wconf 88' lang='lat' dir='ltr'><strong>sit</strong></span> <span class='ocrx_word' id='word_1_161' title='bbox 399 2655 492 2734; x_wconf 87' lang='lat' dir='ltr'><strong>opto,</strong></span> <span class='ocrx_word' id='word_1_162' title='bbox 521 2654 592 2714; x_wconf 94' lang='lat' dir='ltr'><strong>tum</strong></span> <span class='ocrx_word' id='word_1_163' title='bbox 615 2650 656 2714; x_wconf 89' lang='lat' dir='ltr'><strong>ab</strong></span> <span class='ocrx_word' id='word_1_164' title='bbox 680 2648 864 2714; x_wconf 90' lang='lat' dir='ltr'><strong>huiusmodi</strong></span> <span class='ocrx_word' id='word_1_165' title='bbox 886 2649 1015 2731; x_wconf 87' lang='lat' dir='ltr'><strong>morbo,</strong></span> <span class='ocrx_word' id='word_1_166' title='bbox 1045 2647 1101 2731; x_wconf 93' lang='lat' dir='ltr'><strong>qui</strong></span> 
     </span>
     <span class='ocr_line' id='line_1_25' title="bbox 82 2736 1102 2820; baseline -0.001 -20"><span class='ocrx_word' id='word_1_167' title='bbox 82 2758 151 2800; x_wconf 92' lang='lat' dir='ltr'><strong>non</strong></span> <span class='ocrx_word' id='word_1_168' title='bbox 168 2738 264 2802; x_wconf 91' lang='lat' dir='ltr'><strong>modo</strong></span> <span class='ocrx_word' id='word_1_169' title='bbox 284 2739 429 2820; x_wconf 89' lang='lat' dir='ltr'><strong>priuatas</strong></span> <span class='ocrx_word' id='word_1_170' title='bbox 448 2739 561 2803; x_wconf 90' lang='lat' dir='ltr'><strong>domos</strong></span> <span class='ocrx_word' id='word_1_171' title='bbox 580 2737 737 2820; x_wconf 83' lang='lat' dir='ltr'><strong>exhaurit,</strong></span> <span class='ocrx_word' id='word_1_172' title='bbox 756 2759 868 2800; x_wconf 90' lang='lat' dir='ltr'><strong>uerum</strong></span> <span class='ocrx_word' id='word_1_173' title='bbox 888 2736 985 2801; x_wconf 85' lang='lat' dir='ltr'><strong>etiam</strong></span> <span class='ocrx_word' id='word_1_174' title='bbox 1003 2736 1102 2800; x_wconf 90' lang='lat' dir='ltr'><strong>urbes</strong></span> 
     </span>
     <span class='ocr_line' id='line_1_26' title="bbox 83 2822 1101 2909; baseline -0.002 -22"><span class='ocrx_word' id='word_1_175' title='bbox 83 2824 243 2909; x_wconf 87' lang='lat' dir='ltr'><strong>deuastat,</strong></span> <span class='ocrx_word' id='word_1_176' title='bbox 265 2829 336 2891; x_wconf 90' lang='lat' dir='ltr'><strong>tum</strong></span> <span class='ocrx_word' id='word_1_177' title='bbox 359 2849 377 2891; x_wconf 88' lang='lat' dir='ltr'><strong>a</strong></span> <span class='ocrx_word' id='word_1_178' title='bbox 400 2826 525 2892; x_wconf 88' lang='lat' dir='ltr'><strong>cunetis</strong></span> <span class='ocrx_word' id='word_1_179' title='bbox 549 2825 716 2891; x_wconf 84' lang='lat' dir='ltr'><strong>discordiis</strong></span> <span class='ocrx_word' id='word_1_180' title='bbox 739 2847 776 2889; x_wconf 91' lang='lat' dir='ltr'><strong>ac</strong></span> <span class='ocrx_word' id='word_1_181' title='bbox 803 2824 899 2889; x_wconf 90' lang='lat' dir='ltr'><strong>bellis</strong></span> <span class='ocrx_word' id='word_1_182' title='bbox 922 2827 955 2888; x_wconf 91' lang='lat' dir='ltr'><strong>et</strong></span> <span class='ocrx_word' id='word_1_183' title='bbox 977 2822 1101 2886; x_wconf 89' lang='lat' dir='ltr'><strong>intesti-</strong></span> 
     </span>
     <span class='ocr_line' id='line_1_27' title="bbox 81 2909 1142 2994; baseline -0.005 -17"><span class='ocrx_word' id='word_1_184' title='bbox 81 2912 136 2977; x_wconf 90' lang='lat' dir='ltr'><strong>nis</strong></span> <span class='ocrx_word' id='word_1_185' title='bbox 166 2917 199 2977; x_wconf 93' lang='lat' dir='ltr'><strong>et</strong></span> <span class='ocrx_word' id='word_1_186' title='bbox 228 2915 379 2980; x_wconf 90' lang='lat' dir='ltr'><strong>externis.</strong></span> <span class='ocrx_word' id='word_1_187' title='bbox 425 2919 458 2980; x_wconf 93' lang='lat' dir='ltr'><strong>te</strong></span> <span class='ocrx_word' id='word_1_188' title='bbox 488 2936 565 2979; x_wconf 92' lang='lat' dir='ltr'><strong>uero</strong></span> <span class='ocrx_word' id='word_1_189' title='bbox 593 2915 707 2979; x_wconf 88' lang='lat' dir='ltr'><strong>florere</strong></span> <span class='ocrx_word' id='word_1_190' title='bbox 735 2912 822 2978; x_wconf 88' lang='lat' dir='ltr'><strong>omni</strong></span> <span class='ocrx_word' id='word_1_191' title='bbox 854 2912 961 2994; x_wconf 78' lang='lat' dir='ltr'><strong>laude,</strong></span> <span class='ocrx_word' id='word_1_192' title='bbox 993 2909 1100 2974; x_wconf 89' lang='lat' dir='ltr'><strong>ualere</strong></span> <span class='ocrx_word' id='word_1_193' title='bbox 1113 2931 1142 2972; x_wconf 78' lang='lat' dir='ltr'><strong>cs</strong></span> 
     </span>
     <span class='ocr_line' id='line_1_28' title="bbox 82 3001 1101 3090; baseline 0.001 -27"><span class='ocrx_word' id='word_1_194' title='bbox 82 3003 288 3088; x_wconf 83' lang='lat' dir='ltr'><strong>auctoritate,</strong></span> <span class='ocrx_word' id='word_1_195' title='bbox 311 3003 419 3068; x_wconf 88' lang='lat' dir='ltr'><strong>ualere</strong></span> <span class='ocrx_word' id='word_1_196' title='bbox 442 3002 558 3090; x_wconf 83' lang='lat' dir='ltr'><strong>gratia,</strong></span> <span class='ocrx_word' id='word_1_197' title='bbox 581 3024 651 3066; x_wconf 90' lang='lat' dir='ltr'><strong>esse</strong></span> <span class='ocrx_word' id='word_1_198' title='bbox 674 3022 784 3084; x_wconf 84' lang='lat' dir='ltr'><strong>unum,</strong></span> <span class='ocrx_word' id='word_1_199' title='bbox 807 3001 848 3064; x_wconf 93' lang='lat' dir='ltr'><strong>ad</strong></span> <span class='ocrx_word' id='word_1_200' title='bbox 871 3021 967 3084; x_wconf 90' lang='lat' dir='ltr'><strong>quem</strong></span> <span class='ocrx_word' id='word_1_201' title='bbox 990 3020 1101 3064; x_wconf 89' lang='lat' dir='ltr'><strong>omnes</strong></span> 
     </span>
     <span class='ocr_line' id='line_1_29' title="bbox 82 3087 1102 3175; baseline -0.003 -22"><span class='ocrx_word' id='word_1_202' title='bbox 82 3090 249 3155; x_wconf 86' lang='lat' dir='ltr'><strong>confluant</strong></span> <span class='ocrx_word' id='word_1_203' title='bbox 264 3092 390 3157; x_wconf 87' lang='lat' dir='ltr'><strong>consilii</strong></span> <span class='ocrx_word' id='word_1_204' title='bbox 404 3091 581 3175; x_wconf 83' lang='lat' dir='ltr'><strong>auxiliique</strong></span> <span class='ocrx_word' id='word_1_205' title='bbox 600 3110 712 3155; x_wconf 89' lang='lat' dir='ltr'><strong>caussa</strong></span> <span class='ocrx_word' id='word_1_206' title='bbox 724 3089 788 3154; x_wconf 90' lang='lat' dir='ltr'><strong>nisi</strong></span> <span class='ocrx_word' id='word_1_207' title='bbox 802 3088 979 3172; x_wconf 90' lang='lat' dir='ltr'><strong>plurimum</strong></span> <span class='ocrx_word' id='word_1_208' title='bbox 992 3087 1102 3172; x_wconf 82' lang='lat' dir='ltr'><strong>laeter,</strong></span> 
     </span>
     <span class='ocr_line' id='line_1_30' title="bbox 82 3176 1101 3262; baseline -0.002 -20"><span class='ocrx_word' id='word_1_209' title='bbox 82 3177 169 3242; x_wconf 88' lang='lat' dir='ltr'><strong>male</strong></span> <span class='ocrx_word' id='word_1_210' title='bbox 194 3180 330 3245; x_wconf 89' lang='lat' dir='ltr'><strong>sentiam</strong></span> <span class='ocrx_word' id='word_1_211' title='bbox 344 3180 383 3244; x_wconf 93' lang='lat' dir='ltr'><strong>de</strong></span> <span class='ocrx_word' id='word_1_212' title='bbox 402 3180 533 3262; x_wconf 84' lang='lat' dir='ltr'><strong>uirtute,</strong></span> <span class='ocrx_word' id='word_1_213' title='bbox 556 3179 640 3243; x_wconf 90' lang='lat' dir='ltr'><strong>unde</strong></span> <span class='ocrx_word' id='word_1_214' title='bbox 659 3177 722 3242; x_wconf 92' lang='lat' dir='ltr'><strong>tibi</strong></span> <span class='ocrx_word' id='word_1_215' title='bbox 745 3177 809 3242; x_wconf 90' lang='lat' dir='ltr'><strong>ista</strong></span> <span class='ocrx_word' id='word_1_216' title='bbox 826 3178 999 3260; x_wconf 86' lang='lat' dir='ltr'><strong>fluxerunt,</strong></span> <span class='ocrx_word' id='word_1_217' title='bbox 1017 3176 1101 3241; x_wconf 84' lang='lat' dir='ltr'><strong>male</strong></span> 
     </span>
     <span class='ocr_line' id='line_1_31' title="bbox 82 3262 1101 3353; baseline -0.004 -24"><span class='ocrx_word' id='word_1_218' title='bbox 82 3266 185 3331; x_wconf 89' lang='lat' dir='ltr'><strong>etiam</strong></span> <span class='ocrx_word' id='word_1_219' title='bbox 208 3269 247 3332; x_wconf 92' lang='lat' dir='ltr'><strong>de</strong></span> <span class='ocrx_word' id='word_1_220' title='bbox 270 3291 320 3333; x_wconf 91' lang='lat' dir='ltr'><strong>me</strong></span> <span class='ocrx_word' id='word_1_221' title='bbox 344 3268 430 3353; x_wconf 83' lang='lat' dir='ltr'><strong>ipso,</strong></span> <span class='ocrx_word' id='word_1_222' title='bbox 459 3268 534 3352; x_wconf 88' lang='lat' dir='ltr'><strong>quia</strong></span> <span class='ocrx_word' id='word_1_223' title='bbox 557 3271 647 3333; x_wconf 92' lang='lat' dir='ltr'><strong>tuam</strong></span> <span class='ocrx_word' id='word_1_224' title='bbox 669 3265 757 3331; x_wconf 88' lang='lat' dir='ltr'><strong>uitae</strong></span> <span class='ocrx_word' id='word_1_225' title='bbox 780 3266 939 3332; x_wconf 87' lang='lat' dir='ltr'><strong>rationem</strong></span> <span class='ocrx_word' id='word_1_226' title='bbox 962 3262 1101 3348; x_wconf 91' lang='lat' dir='ltr'><strong>probaui</strong></span> 
     </span>
     <span class='ocr_line' id='line_1_32' title="bbox 81 3350 1143 3442; baseline -0.006 -23"><span class='ocrx_word' id='word_1_227' title='bbox 81 3355 217 3438; x_wconf 91' lang='lat' dir='ltr'><strong>quidem</strong></span> <span class='ocrx_word' id='word_1_228' title='bbox 244 3379 379 3442; x_wconf 89' lang='lat' dir='ltr'><strong>semper,</strong></span> <span class='ocrx_word' id='word_1_229' title='bbox 407 3361 536 3422; x_wconf 89' lang='lat' dir='ltr'><strong>secutus</strong></span> <span class='ocrx_word' id='word_1_230' title='bbox 564 3361 673 3421; x_wconf 86' lang='lat' dir='ltr'><strong>autem</strong></span> <span class='ocrx_word' id='word_1_231' title='bbox 700 3378 785 3438; x_wconf 87' lang='lat' dir='ltr'><strong>sum,</strong></span> <span class='ocrx_word' id='word_1_232' title='bbox 814 3359 973 3439; x_wconf 89' lang='lat' dir='ltr'><strong>quatenus</strong></span> <span class='ocrx_word' id='word_1_233' title='bbox 998 3350 1099 3416; x_wconf 90' lang='lat' dir='ltr'><strong>licuit.</strong></span> <span class='ocrx_word' id='word_1_234' title='bbox 1115 3368 1143 3408; x_wconf 75' lang='lat' dir='ltr'><strong>co</strong></span> 
     </span>
    </p>
   </div>
   <div class='ocr_carea' id='block_1_8' title="bbox 177 3539 1093 3618">
    <p class='ocr_par' dir='ltr' id='par_1_8' title="bbox 177 3539 1093 3618">
     <span class='ocr_line' id='line_1_33' title="bbox 177 3539 1093 3618; baseline -0.01 -16"><span class='ocrx_word' id='word_1_235' title='bbox 177 3554 210 3603; x_wconf 82' lang='lat' dir='ltr'><strong>la</strong></span> <span class='ocrx_word' id='word_1_236' title='bbox 231 3549 267 3603; x_wconf 84' lang='lat' dir='ltr'><strong>ab</strong></span> <span class='ocrx_word' id='word_1_237' title='bbox 282 3565 355 3604; x_wconf 90' lang='lat' dir='ltr'><strong>anno</strong></span> <span class='ocrx_word' id='word_1_238' title='bbox 371 3554 439 3604; x_wconf 74' lang='lat'>15⁷1</span> <span class='ocrx_word' id='word_1_239' title='bbox 456 3546 608 3603; x_wconf 84' lang='lat' dir='ltr'><strong>asteriscus</strong></span> <span class='ocrx_word' id='word_1_240' title='bbox 621 3563 672 3618; x_wconf 87' lang='lat' dir='ltr'><strong>pro</strong></span> <span class='ocrx_word' id='word_1_241' title='bbox 691 3546 804 3602; x_wconf 88' lang='lat' dir='ltr'><strong>nomine</strong></span> <span class='ocrx_word' id='word_1_242' title='bbox 818 3543 935 3601; x_wconf 85' lang='lat' dir='ltr'><strong>Sturmii</strong></span> <span class='ocrx_word' id='word_1_243' title='bbox 948 3539 1093 3598; x_wconf 86' lang='lat' dir='ltr'><strong>inuenitur</strong></span> 
     </span>
    </p>
   </div>
   <div class='ocr_carea' id='block_1_9' title="bbox 0 0 1230 3862">
    <p class='ocr_par' dir='ltr' id='par_1_9' title="bbox 0 0 1230 3862">
     <span class='ocr_line' id='line_1_34' title="bbox 0 0 1230 3862; baseline 0 0"><span class='ocrx_word' id='word_1_244' title='bbox 0 0 1230 3862; x_wconf 95' lang='lat' dir='ltr'><strong> </strong></span> 
     </span>
    </p>
   </div>
  </div>
 </body>
</html>
