<?xml version="1.0" encoding="UTF-8"?>
<!DOCTYPE html PUBLIC "-//W3C//DTD XHTML 1.0 Transitional//EN"
    "http://www.w3.org/TR/xhtml1/DTD/xhtml1-transitional.dtd">
<html xmlns="http://www.w3.org/1999/xhtml" xml:lang="en" lang="en">
 <head>
  <title>
</title>
<meta http-equiv="Content-Type" content="text/html;charset=utf-8" />
  <meta name='ocr-system' content='tesseract 3.04.00' />
  <meta name='ocr-capabilities' content='ocr_page ocr_carea ocr_par ocr_line ocrx_word'/>
</head>
<body>
  <div class='ocr_page' id='page_1' title='image "./paulimanutiiepi01fickgoog_0136.png"; bbox 0 0 2452 3862; ppageno 0'>
   <div class='ocr_carea' id='block_1_1' title="bbox 421 188 768 245">
    <p class='ocr_par' dir='ltr' id='par_1_1' title="bbox 421 188 768 245">
     <span class='ocr_line' id='line_1_1' title="bbox 421 188 768 245; baseline 0.006 -2"><span class='ocrx_word' id='word_1_1' title='bbox 421 188 503 244; x_wconf 83' lang='lat' dir='ltr'><strong>LVII.</strong></span> <span class='ocrx_word' id='word_1_2' title='bbox 531 188 629 244; x_wconf 88' lang='lat' dir='ltr'>loanni</span> <span class='ocrx_word' id='word_1_3' title='bbox 648 188 768 245; x_wconf 72' lang='lat' dir='ltr'>Cunetio.</span> 
     </span>
    </p>
   </div>
   <div class='ocr_carea' id='block_1_2' title="bbox 548 419 645 486">
    <p class='ocr_par' dir='ltr' id='par_1_2' title="bbox 548 419 645 486">
     <span class='ocr_line' id='line_1_2' title="bbox 548 419 645 486; baseline 0 0"><span class='ocrx_word' id='word_1_4' title='bbox 548 419 645 486; x_wconf 90' lang='lat' dir='ltr'><strong>LVII.</strong></span> 
     </span>
    </p>
   </div>
   <div class='ocr_carea' id='block_1_3' title="bbox 219 561 974 642">
    <p class='ocr_par' dir='ltr' id='par_1_3' title="bbox 219 561 974 642">
     <span class='ocr_line' id='line_1_3' title="bbox 219 561 974 642; baseline 0.003 -15"><span class='ocrx_word' id='word_1_5' title='bbox 219 561 353 627; x_wconf 91' lang='lat' dir='ltr'>Ioanni</span> <span class='ocrx_word' id='word_1_6' title='bbox 383 561 534 627; x_wconf 79' lang='lat' dir='ltr'>Caselio</span> <span class='ocrx_word' id='word_1_7' title='bbox 562 562 800 627; x_wconf 76' lang='lat' dir='ltr'>Florentiam</span> <span class='ocrx_word' id='word_1_8' title='bbox 829 571 905 642; x_wconf 87' lang='lat' dir='ltr'>(VII,</span> <span class='ocrx_word' id='word_1_9' title='bbox 921 572 974 640; x_wconf 89' lang='lat'>11).</span> 
     </span>
    </p>
   </div>
   <div class='ocr_carea' id='block_1_4' title="bbox 88 703 1144 971">
    <p class='ocr_par' dir='ltr' id='par_1_4' title="bbox 88 703 1144 971">
     <span class='ocr_line' id='line_1_4' title="bbox 179 703 1103 791; baseline 0.002 -23"><span class='ocrx_word' id='word_1_10' title='bbox 179 704 248 781; x_wconf 83' lang='lat' dir='ltr'>Quo</span> <span class='ocrx_word' id='word_1_11' title='bbox 276 703 380 769; x_wconf 90' lang='lat' dir='ltr'>maior</span> <span class='ocrx_word' id='word_1_12' title='bbox 410 709 459 768; x_wconf 91' lang='lat' dir='ltr'>est</span> <span class='ocrx_word' id='word_1_13' title='bbox 490 704 633 769; x_wconf 88' lang='lat' dir='ltr'>uirorum</span> <span class='ocrx_word' id='word_1_14' title='bbox 661 704 909 791; x_wconf 88' lang='lat' dir='ltr'>praestantium,</span> <span class='ocrx_word' id='word_1_15' title='bbox 941 704 1026 771; x_wconf 89' lang='lat' dir='ltr'>idest</span> <span class='ocrx_word' id='word_1_16' title='bbox 1054 707 1103 772; x_wconf 90' lang='lat' dir='ltr'>tui</span> 
     </span>
     <span class='ocr_line' id='line_1_5' title="bbox 88 792 1103 879; baseline 0.002 -21"><span class='ocrx_word' id='word_1_17' title='bbox 88 793 253 877; x_wconf 83' lang='lat' dir='ltr'>similium,</span> <span class='ocrx_word' id='word_1_18' title='bbox 277 792 379 879; x_wconf 91' lang='lat' dir='ltr'>copia,</span> <span class='ocrx_word' id='word_1_19' title='bbox 403 814 440 857; x_wconf 94' lang='lat' dir='ltr'>eo</span> <span class='ocrx_word' id='word_1_20' title='bbox 464 792 545 856; x_wconf 91' lang='lat' dir='ltr'>mihi</span> <span class='ocrx_word' id='word_1_21' title='bbox 568 793 671 858; x_wconf 89' lang='lat' dir='ltr'>carior</span> <span class='ocrx_word' id='word_1_22' title='bbox 694 797 744 857; x_wconf 91' lang='lat' dir='ltr'>est</span> <span class='ocrx_word' id='word_1_23' title='bbox 767 798 799 857; x_wconf 92' lang='lat' dir='ltr'>et</span> <span class='ocrx_word' id='word_1_24' title='bbox 818 815 887 858; x_wconf 89' lang='lat' dir='ltr'>esse</span> <span class='ocrx_word' id='word_1_25' title='bbox 907 793 1005 859; x_wconf 91' lang='lat' dir='ltr'>debet</span> <span class='ocrx_word' id='word_1_26' title='bbox 1027 796 1103 860; x_wconf 90' lang='lat' dir='ltr'>ami-</span> 
     </span>
     <span class='ocr_line' id='line_1_6' title="bbox 88 881 1144 971; baseline 0.003 -26"><span class='ocrx_word' id='word_1_27' title='bbox 88 883 165 946; x_wconf 90' lang='lat' dir='ltr'>citia</span> <span class='ocrx_word' id='word_1_28' title='bbox 189 887 253 946; x_wconf 90' lang='lat' dir='ltr'>tua.</span> <span class='ocrx_word' id='word_1_29' title='bbox 300 903 397 965; x_wconf 86' lang='lat' dir='ltr'>quam</span> <span class='ocrx_word' id='word_1_30' title='bbox 427 881 556 966; x_wconf 89' lang='lat' dir='ltr'>quidem</span> <span class='ocrx_word' id='word_1_31' title='bbox 587 881 737 946; x_wconf 92' lang='lat' dir='ltr'>omnibus</span> <span class='ocrx_word' id='word_1_32' title='bbox 768 882 884 946; x_wconf 88' lang='lat' dir='ltr'>officiis</span> <span class='ocrx_word' id='word_1_33' title='bbox 915 885 948 947; x_wconf 89' lang='lat' dir='ltr'>et</span> <span class='ocrx_word' id='word_1_34' title='bbox 978 884 1102 971; x_wconf 89' lang='lat' dir='ltr'>studiis,</span> <span class='ocrx_word' id='word_1_35' title='bbox 1131 899 1144 940; x_wconf 77' lang='lat'>5</span> 
     </span>
    </p>
   </div>
   <div class='ocr_carea' id='block_1_5' title="bbox 81 969 1142 3442">
    <p class='ocr_par' dir='ltr' id='par_1_5' title="bbox 81 969 1142 3442">
     <span class='ocr_line' id='line_1_7' title="bbox 87 969 1102 1058; baseline 0.002 -24"><span class='ocrx_word' id='word_1_36' title='bbox 87 993 170 1055; x_wconf 88' lang='lat' dir='ltr'>quae</span> <span class='ocrx_word' id='word_1_37' title='bbox 203 993 222 1033; x_wconf 89' lang='lat' dir='ltr'>a</span> <span class='ocrx_word' id='word_1_38' title='bbox 250 992 374 1034; x_wconf 89' lang='lat' dir='ltr'>summa</span> <span class='ocrx_word' id='word_1_39' title='bbox 402 969 563 1054; x_wconf 88' lang='lat' dir='ltr'>proficisci</span> <span class='ocrx_word' id='word_1_40' title='bbox 595 970 823 1034; x_wconf 92' lang='lat' dir='ltr'>beneuolentia</span> <span class='ocrx_word' id='word_1_41' title='bbox 850 976 1000 1058; x_wconf 81' lang='lat' dir='ltr'>possunt,</span> <span class='ocrx_word' id='word_1_42' title='bbox 1032 996 1102 1056; x_wconf 90' lang='lat' dir='ltr'>per-</span> 
     </span>
     <span class='ocr_line' id='line_1_8' title="bbox 87 1058 1102 1144; baseline 0.002 -21"><span class='ocrx_word' id='word_1_43' title='bbox 87 1064 187 1144; x_wconf 90' lang='lat' dir='ltr'>petuo</span> <span class='ocrx_word' id='word_1_44' title='bbox 212 1058 323 1123; x_wconf 88' lang='lat' dir='ltr'>colam.</span> <span class='ocrx_word' id='word_1_45' title='bbox 370 1059 456 1143; x_wconf 92' lang='lat' dir='ltr'>quod</span> <span class='ocrx_word' id='word_1_46' title='bbox 483 1058 608 1124; x_wconf 89' lang='lat' dir='ltr'>utinam</span> <span class='ocrx_word' id='word_1_47' title='bbox 636 1081 695 1142; x_wconf 88' lang='lat' dir='ltr'>per</span> <span class='ocrx_word' id='word_1_48' title='bbox 723 1059 942 1124; x_wconf 89' lang='lat' dir='ltr'>ualetudinem</span> <span class='ocrx_word' id='word_1_49' title='bbox 970 1061 1039 1125; x_wconf 88' lang='lat' dir='ltr'>fieri</span> <span class='ocrx_word' id='word_1_50' title='bbox 1066 1062 1102 1125; x_wconf 91' lang='lat' dir='ltr'>li-</span> 
     </span>
     <span class='ocr_line' id='line_1_9' title="bbox 86 1146 1102 1234; baseline 0.003 -23"><span class='ocrx_word' id='word_1_51' title='bbox 86 1148 220 1232; x_wconf 90' lang='lat' dir='ltr'>cuisset,</span> <span class='ocrx_word' id='word_1_52' title='bbox 260 1151 297 1211; x_wconf 90' lang='lat' dir='ltr'>ut</span> <span class='ocrx_word' id='word_1_53' title='bbox 333 1146 470 1211; x_wconf 83' lang='lat' dir='ltr'><strong>Romam</strong></span> <span class='ocrx_word' id='word_1_54' title='bbox 511 1147 713 1231; x_wconf 88' lang='lat' dir='ltr'>peruenires!</span> <span class='ocrx_word' id='word_1_55' title='bbox 758 1148 914 1212; x_wconf 88' lang='lat' dir='ltr'>maiorem</span> <span class='ocrx_word' id='word_1_56' title='bbox 952 1150 1102 1234; x_wconf 83' lang='lat' dir='ltr'>fructum,</span> 
     </span>
     <span class='ocr_line' id='line_1_10' title="bbox 87 1235 1102 1322; baseline 0.003 -23"><span class='ocrx_word' id='word_1_57' title='bbox 87 1258 184 1320; x_wconf 91' lang='lat' dir='ltr'>quam</span> <span class='ocrx_word' id='word_1_58' title='bbox 212 1235 269 1318; x_wconf 91' lang='lat' dir='ltr'>qui</span> <span class='ocrx_word' id='word_1_59' title='bbox 296 1257 336 1299; x_wconf 88' lang='lat' dir='ltr'>ex</span> <span class='ocrx_word' id='word_1_60' title='bbox 365 1235 485 1300; x_wconf 88' lang='lat' dir='ltr'>litteris</span> <span class='ocrx_word' id='word_1_61' title='bbox 512 1235 704 1319; x_wconf 75' lang='lat' dir='ltr'>percipitur,</span> <span class='ocrx_word' id='word_1_62' title='bbox 735 1235 791 1318; x_wconf 94' lang='lat' dir='ltr'>qui</span> <span class='ocrx_word' id='word_1_63' title='bbox 818 1240 927 1299; x_wconf 89' lang='lat' dir='ltr'>tamen</span> <span class='ocrx_word' id='word_1_64' title='bbox 956 1236 1102 1322; x_wconf 86' lang='lat' dir='ltr'>uulgaris</span> 
     </span>
     <span class='ocr_line' id='line_1_11' title="bbox 85 1322 1142 1409; baseline 0 -21"><span class='ocrx_word' id='word_1_65' title='bbox 85 1346 152 1388; x_wconf 93' lang='lat' dir='ltr'>non</span> <span class='ocrx_word' id='word_1_66' title='bbox 176 1328 238 1409; x_wconf 89' lang='lat' dir='ltr'>est,</span> <span class='ocrx_word' id='word_1_67' title='bbox 262 1345 302 1386; x_wconf 86' lang='lat' dir='ltr'>ex</span> <span class='ocrx_word' id='word_1_68' title='bbox 324 1323 477 1387; x_wconf 75' lang='lat' dir='ltr'>familiari</span> <span class='ocrx_word' id='word_1_69' title='bbox 500 1322 731 1388; x_wconf 90' lang='lat' dir='ltr'>consuetudine</span> <span class='ocrx_word' id='word_1_70' title='bbox 753 1328 931 1408; x_wconf 90' lang='lat' dir='ltr'>mutuoque</span> <span class='ocrx_word' id='word_1_71' title='bbox 956 1346 1101 1389; x_wconf 82' lang='lat' dir='ltr'>sermone</span> <span class='ocrx_word' id='word_1_72' title='bbox 1117 1344 1142 1381; x_wconf 87' lang='lat'>10</span> 
     </span>
     <span class='ocr_line' id='line_1_12' title="bbox 86 1411 1101 1495; baseline 0.001 -20"><span class='ocrx_word' id='word_1_73' title='bbox 86 1417 222 1495; x_wconf 91' lang='lat' dir='ltr'>uterque</span> <span class='ocrx_word' id='word_1_74' title='bbox 244 1414 393 1475; x_wconf 90' lang='lat' dir='ltr'>nostrum</span> <span class='ocrx_word' id='word_1_75' title='bbox 417 1432 530 1494; x_wconf 80' lang='lat' dir='ltr'>capere</span> <span class='ocrx_word' id='word_1_76' title='bbox 558 1411 729 1494; x_wconf 89' lang='lat' dir='ltr'>potuisset.</span> <span class='ocrx_word' id='word_1_77' title='bbox 775 1411 862 1495; x_wconf 90' lang='lat' dir='ltr'>quod</span> <span class='ocrx_word' id='word_1_78' title='bbox 885 1412 1012 1495; x_wconf 89' lang='lat' dir='ltr'>quando</span> <span class='ocrx_word' id='word_1_79' title='bbox 1035 1435 1101 1477; x_wconf 93' lang='lat' dir='ltr'>non</span> 
     </span>
     <span class='ocr_line' id='line_1_13' title="bbox 86 1498 1101 1584; baseline 0.002 -21"><span class='ocrx_word' id='word_1_80' title='bbox 86 1500 216 1584; x_wconf 91' lang='lat' dir='ltr'>accidit,</span> <span class='ocrx_word' id='word_1_81' title='bbox 248 1521 323 1584; x_wconf 83' lang='lat' dir='ltr'>ego,</span> <span class='ocrx_word' id='word_1_82' title='bbox 355 1500 441 1583; x_wconf 91' lang='lat' dir='ltr'>quod</span> <span class='ocrx_word' id='word_1_83' title='bbox 473 1499 514 1563; x_wconf 87' lang='lat' dir='ltr'>ad</span> <span class='ocrx_word' id='word_1_84' title='bbox 540 1521 591 1563; x_wconf 93' lang='lat' dir='ltr'>me</span> <span class='ocrx_word' id='word_1_85' title='bbox 619 1498 749 1583; x_wconf 87' lang='lat' dir='ltr'>attinet,</span> <span class='ocrx_word' id='word_1_86' title='bbox 782 1503 819 1564; x_wconf 92' lang='lat' dir='ltr'>ut</span> <span class='ocrx_word' id='word_1_87' title='bbox 848 1500 966 1565; x_wconf 89' lang='lat' dir='ltr'>amoris</span> <span class='ocrx_word' id='word_1_88' title='bbox 995 1502 1101 1566; x_wconf 90' lang='lat' dir='ltr'>mutui</span> 
     </span>
     <span class='ocr_line' id='line_1_14' title="bbox 86 1587 1100 1674; baseline 0.002 -22"><span class='ocrx_word' id='word_1_89' title='bbox 86 1587 307 1652; x_wconf 81' lang='lat' dir='ltr'>recordatione</span> <span class='ocrx_word' id='word_1_90' title='bbox 330 1587 524 1652; x_wconf 86' lang='lat' dir='ltr'>desiderium</span> <span class='ocrx_word' id='word_1_91' title='bbox 545 1610 654 1652; x_wconf 89' lang='lat' dir='ltr'>meum</span> <span class='ocrx_word' id='word_1_92' title='bbox 675 1587 825 1674; x_wconf 89' lang='lat' dir='ltr'>leniatur,</span> <span class='ocrx_word' id='word_1_93' title='bbox 852 1611 984 1672; x_wconf 91' lang='lat' dir='ltr'>operam</span> <span class='ocrx_word' id='word_1_94' title='bbox 1007 1589 1100 1655; x_wconf 87' lang='lat' dir='ltr'>dabo.</span> 
     </span>
     <span class='ocr_line' id='line_1_15' title="bbox 84 1675 1100 1763; baseline 0.002 -22"><span class='ocrx_word' id='word_1_95' title='bbox 84 1677 203 1741; x_wconf 90' lang='lat' dir='ltr'>litteris</span> <span class='ocrx_word' id='word_1_96' title='bbox 227 1680 336 1741; x_wconf 87' lang='lat' dir='ltr'>autem</span> <span class='ocrx_word' id='word_1_97' title='bbox 359 1675 405 1740; x_wconf 89' lang='lat' dir='ltr'>ita</span> <span class='ocrx_word' id='word_1_98' title='bbox 428 1680 517 1762; x_wconf 88' lang='lat' dir='ltr'>utar,</span> <span class='ocrx_word' id='word_1_99' title='bbox 540 1682 697 1761; x_wconf 88' lang='lat' dir='ltr'>quantum</span> <span class='ocrx_word' id='word_1_100' title='bbox 719 1677 853 1763; x_wconf 85' lang='lat' dir='ltr'>negotia</span> <span class='ocrx_word' id='word_1_101' title='bbox 875 1677 990 1742; x_wconf 91' lang='lat' dir='ltr'>sinent.</span> <span class='ocrx_word' id='word_1_102' title='bbox 1036 1700 1100 1763; x_wconf 91' lang='lat' dir='ltr'>quo</span> 
     </span>
     <span class='ocr_line' id='line_1_16' title="bbox 84 1764 1141 1855; baseline 0.002 -25"><span class='ocrx_word' id='word_1_103' title='bbox 84 1771 117 1830; x_wconf 94' lang='lat' dir='ltr'>te</span> <span class='ocrx_word' id='word_1_104' title='bbox 141 1769 329 1830; x_wconf 89' lang='lat' dir='ltr'>contentum</span> <span class='ocrx_word' id='word_1_105' title='bbox 353 1786 423 1830; x_wconf 90' lang='lat' dir='ltr'>esse</span> <span class='ocrx_word' id='word_1_106' title='bbox 445 1787 550 1850; x_wconf 91' lang='lat' dir='ltr'>neque</span> <span class='ocrx_word' id='word_1_107' title='bbox 577 1764 612 1830; x_wconf 91' lang='lat' dir='ltr'>in</span> <span class='ocrx_word' id='word_1_108' title='bbox 638 1766 701 1830; x_wconf 94' lang='lat' dir='ltr'>hoc</span> <span class='ocrx_word' id='word_1_109' title='bbox 723 1787 841 1852; x_wconf 91' lang='lat' dir='ltr'>genere</span> <span class='ocrx_word' id='word_1_110' title='bbox 865 1766 939 1849; x_wconf 92' lang='lat' dir='ltr'>plus</span> <span class='ocrx_word' id='word_1_111' title='bbox 962 1766 1100 1855; x_wconf 84' lang='lat' dir='ltr'>exigere,</span> <span class='ocrx_word' id='word_1_112' title='bbox 1115 1784 1141 1826; x_wconf 84' lang='lat'>1⁵</span> 
     </span>
     <span class='ocr_line' id='line_1_17' title="bbox 84 1853 1099 1940; baseline 0.001 -21"><span class='ocrx_word' id='word_1_113' title='bbox 84 1877 182 1938; x_wconf 93' lang='lat' dir='ltr'>quam</span> <span class='ocrx_word' id='word_1_114' title='bbox 201 1858 367 1939; x_wconf 83' lang='lat' dir='ltr'>praestare</span> <span class='ocrx_word' id='word_1_115' title='bbox 385 1853 517 1940; x_wconf 91' lang='lat' dir='ltr'>possim,</span> <span class='ocrx_word' id='word_1_116' title='bbox 540 1857 597 1919; x_wconf 89' lang='lat' dir='ltr'>tua</span> <span class='ocrx_word' id='word_1_117' title='bbox 614 1854 696 1919; x_wconf 90' lang='lat' dir='ltr'>mihi</span> <span class='ocrx_word' id='word_1_118' title='bbox 714 1853 888 1938; x_wconf 89' lang='lat' dir='ltr'>pollicetur</span> <span class='ocrx_word' id='word_1_119' title='bbox 905 1855 1099 1920; x_wconf 87' lang='lat' dir='ltr'>humanitas.</span> 
     </span>
     <span class='ocr_line' id='line_1_18' title="bbox 84 1942 1099 2029; baseline 0.004 -24"><span class='ocrx_word' id='word_1_120' title='bbox 84 1943 133 2006; x_wconf 88' lang='lat' dir='ltr'>De</span> <span class='ocrx_word' id='word_1_121' title='bbox 164 1942 373 2026; x_wconf 87' lang='lat' dir='ltr'>philosophia</span> <span class='ocrx_word' id='word_1_122' title='bbox 402 1943 594 2008; x_wconf 88' lang='lat' dir='ltr'>illustranda</span> <span class='ocrx_word' id='word_1_123' title='bbox 624 1944 787 2027; x_wconf 86' lang='lat' dir='ltr'>praeclare</span> <span class='ocrx_word' id='word_1_124' title='bbox 815 1943 953 2029; x_wconf 87' lang='lat' dir='ltr'>cogitas:</span> <span class='ocrx_word' id='word_1_125' title='bbox 986 1966 1099 2010; x_wconf 91' lang='lat' dir='ltr'>uerum</span> 
     </span>
     <span class='ocr_line' id='line_1_19' title="bbox 85 2029 1100 2116; baseline 0.006 -24"><span class='ocrx_word' id='word_1_126' title='bbox 85 2030 251 2111; x_wconf 91' lang='lat' dir='ltr'>praeclara</span> <span class='ocrx_word' id='word_1_127' title='bbox 280 2029 388 2095; x_wconf 92' lang='lat' dir='ltr'>omnia</span> <span class='ocrx_word' id='word_1_128' title='bbox 417 2051 514 2114; x_wconf 88' lang='lat' dir='ltr'>quam</span> <span class='ocrx_word' id='word_1_129' title='bbox 544 2030 688 2097; x_wconf 87' lang='lat' dir='ltr'>difficilia</span> <span class='ocrx_word' id='word_1_130' title='bbox 718 2032 796 2116; x_wconf 88' lang='lat' dir='ltr'>sint,</span> <span class='ocrx_word' id='word_1_131' title='bbox 826 2032 878 2096; x_wconf 91' lang='lat' dir='ltr'>his</span> <span class='ocrx_word' id='word_1_132' title='bbox 908 2034 1100 2116; x_wconf 89' lang='lat' dir='ltr'>praesertim</span> 
     </span>
     <span class='ocr_line' id='line_1_20' title="bbox 85 2117 1099 2207; baseline 0.005 -27"><span class='ocrx_word' id='word_1_133' title='bbox 85 2117 302 2201; x_wconf 88' lang='lat' dir='ltr'>temporibus,</span> <span class='ocrx_word' id='word_1_134' title='bbox 338 2139 390 2181; x_wconf 89' lang='lat' dir='ltr'>me</span> <span class='ocrx_word' id='word_1_135' title='bbox 421 2139 488 2182; x_wconf 95' lang='lat' dir='ltr'>non</span> <span class='ocrx_word' id='word_1_136' title='bbox 519 2117 613 2203; x_wconf 86' lang='lat' dir='ltr'>fugit.</span> <span class='ocrx_word' id='word_1_137' title='bbox 668 2124 745 2183; x_wconf 88' lang='lat' dir='ltr'>sunt</span> <span class='ocrx_word' id='word_1_138' title='bbox 776 2119 862 2183; x_wconf 88' lang='lat' dir='ltr'>enim</span> <span class='ocrx_word' id='word_1_139' title='bbox 894 2121 1010 2207; x_wconf 89' lang='lat' dir='ltr'>adhuc,</span> <span class='ocrx_word' id='word_1_140' title='bbox 1044 2122 1099 2204; x_wconf 93' lang='lat' dir='ltr'>qui</span> 
     </span>
     <span class='ocr_line' id='line_1_21' title="bbox 85 2204 1140 2293; baseline 0.004 -25"><span class='ocrx_word' id='word_1_141' title='bbox 85 2204 237 2289; x_wconf 83' lang='lat' dir='ltr'>frugibus</span> <span class='ocrx_word' id='word_1_142' title='bbox 259 2205 402 2269; x_wconf 91' lang='lat' dir='ltr'>inuentis</span> <span class='ocrx_word' id='word_1_143' title='bbox 425 2205 542 2291; x_wconf 83' lang='lat' dir='ltr'>glande</span> <span class='ocrx_word' id='word_1_144' title='bbox 565 2205 652 2269; x_wconf 89' lang='lat' dir='ltr'>uesci</span> <span class='ocrx_word' id='word_1_145' title='bbox 670 2205 794 2272; x_wconf 89' lang='lat' dir='ltr'>malint.</span> <span class='ocrx_word' id='word_1_146' title='bbox 831 2207 951 2290; x_wconf 92' lang='lat' dir='ltr'>quibus</span> <span class='ocrx_word' id='word_1_147' title='bbox 973 2209 1099 2293; x_wconf 87' lang='lat' dir='ltr'>ignosci</span> <span class='ocrx_word' id='word_1_148' title='bbox 1114 2228 1140 2268; x_wconf 83' lang='lat'>20</span> 
     </span>
     <span class='ocr_line' id='line_1_22' title="bbox 85 2293 1099 2379; baseline 0.004 -23"><span class='ocrx_word' id='word_1_149' title='bbox 85 2294 223 2357; x_wconf 83' lang='lat' dir='ltr'>fortasse</span> <span class='ocrx_word' id='word_1_150' title='bbox 256 2315 296 2357; x_wconf 84' lang='lat' dir='ltr'>ex</span> <span class='ocrx_word' id='word_1_151' title='bbox 328 2293 437 2378; x_wconf 87' lang='lat' dir='ltr'>aliqua</span> <span class='ocrx_word' id='word_1_152' title='bbox 468 2297 561 2377; x_wconf 91' lang='lat' dir='ltr'>parte</span> <span class='ocrx_word' id='word_1_153' title='bbox 595 2297 718 2379; x_wconf 90' lang='lat' dir='ltr'>potest,</span> <span class='ocrx_word' id='word_1_154' title='bbox 754 2294 841 2378; x_wconf 87' lang='lat' dir='ltr'>quod</span> <span class='ocrx_word' id='word_1_155' title='bbox 878 2317 933 2360; x_wconf 92' lang='lat' dir='ltr'>eos</span> <span class='ocrx_word' id='word_1_156' title='bbox 970 2296 1099 2379; x_wconf 89' lang='lat' dir='ltr'>pudeat.</span> 
     </span>
     <span class='ocr_line' id='line_1_23' title="bbox 85 2381 1100 2468; baseline 0.004 -23"><span class='ocrx_word' id='word_1_157' title='bbox 85 2381 186 2458; x_wconf 77' lang='lat' dir='ltr'>‘Quae</span> <span class='ocrx_word' id='word_1_158' title='bbox 200 2381 294 2465; x_wconf 88' lang='lat' dir='ltr'>pueri</span> <span class='ocrx_word' id='word_1_159' title='bbox 309 2381 456 2468; x_wconf 87' lang='lat' dir='ltr'>didicere,</span> <span class='ocrx_word' id='word_1_160' title='bbox 474 2403 567 2447; x_wconf 88' lang='lat' dir='ltr'>senes</span> <span class='ocrx_word' id='word_1_161' title='bbox 581 2381 743 2466; x_wconf 85' lang='lat' dir='ltr'>perdenda</span> <span class='ocrx_word' id='word_1_162' title='bbox 757 2382 873 2447; x_wconf 69' lang='lat' dir='ltr'>fateri?</span> <span class='ocrx_word' id='word_1_163' title='bbox 914 2384 971 2448; x_wconf 90' lang='lat' dir='ltr'>sed</span> <span class='ocrx_word' id='word_1_164' title='bbox 989 2405 1100 2449; x_wconf 92' lang='lat' dir='ltr'>eorum</span> 
     </span>
     <span class='ocr_line' id='line_1_24' title="bbox 84 2470 1099 2555; baseline 0.003 -20"><span class='ocrx_word' id='word_1_165' title='bbox 84 2471 235 2554; x_wconf 87' lang='lat' dir='ltr'>exemplo</span> <span class='ocrx_word' id='word_1_166' title='bbox 260 2470 366 2554; x_wconf 91' lang='lat' dir='ltr'>decipi</span> <span class='ocrx_word' id='word_1_167' title='bbox 389 2470 608 2536; x_wconf 83' lang='lat' dir='ltr'>adolescentes</span> <span class='ocrx_word' id='word_1_168' title='bbox 637 2474 670 2534; x_wconf 91' lang='lat' dir='ltr'>et</span> <span class='ocrx_word' id='word_1_169' title='bbox 692 2470 861 2555; x_wconf 88' lang='lat' dir='ltr'>inquinata</span> <span class='ocrx_word' id='word_1_170' title='bbox 885 2472 1030 2538; x_wconf 86' lang='lat' dir='ltr'>doctrina</span> <span class='ocrx_word' id='word_1_171' title='bbox 1053 2473 1099 2538; x_wconf 91' lang='lat' dir='ltr'>in·</span> 
     </span>
     <span class='ocr_line' id='line_1_25' title="bbox 82 2559 1099 2647; baseline 0.003 -24"><span class='ocrx_word' id='word_1_172' title='bbox 82 2560 136 2623; x_wconf 92' lang='lat' dir='ltr'>fici</span> <span class='ocrx_word' id='word_1_173' title='bbox 166 2564 263 2644; x_wconf 90' lang='lat' dir='ltr'>atque</span> <span class='ocrx_word' id='word_1_174' title='bbox 291 2559 469 2646; x_wconf 88' lang='lat' dir='ltr'>corrumpi,</span> <span class='ocrx_word' id='word_1_175' title='bbox 500 2560 563 2624; x_wconf 89' lang='lat' dir='ltr'>hoc</span> <span class='ocrx_word' id='word_1_176' title='bbox 594 2559 724 2644; x_wconf 90' lang='lat' dir='ltr'>quidem</span> <span class='ocrx_word' id='word_1_177' title='bbox 756 2581 856 2646; x_wconf 86' lang='lat' dir='ltr'>graue</span> <span class='ocrx_word' id='word_1_178' title='bbox 887 2561 1010 2626; x_wconf 92' lang='lat' dir='ltr'>malum</span> <span class='ocrx_word' id='word_1_179' title='bbox 1040 2567 1099 2647; x_wconf 91' lang='lat' dir='ltr'>est,</span> 
     </span>
     <span class='ocr_line' id='line_1_26' title="bbox 83 2647 1139 2734; baseline 0.001 -24"><span class='ocrx_word' id='word_1_180' title='bbox 83 2647 217 2731; x_wconf 91' lang='lat' dir='ltr'>malum,</span> <span class='ocrx_word' id='word_1_181' title='bbox 245 2648 391 2734; x_wconf 90' lang='lat' dir='ltr'>inquam,</span> <span class='ocrx_word' id='word_1_182' title='bbox 417 2670 485 2713; x_wconf 93' lang='lat' dir='ltr'>non</span> <span class='ocrx_word' id='word_1_183' title='bbox 510 2649 686 2715; x_wconf 83' lang='lat' dir='ltr'>ferendum.</span> <span class='ocrx_word' id='word_1_184' title='bbox 731 2648 829 2733; x_wconf 91' lang='lat' dir='ltr'>idque</span> <span class='ocrx_word' id='word_1_185' title='bbox 855 2653 892 2715; x_wconf 93' lang='lat' dir='ltr'>tu</span> <span class='ocrx_word' id='word_1_186' title='bbox 915 2650 985 2716; x_wconf 89' lang='lat' dir='ltr'>iure</span> <span class='ocrx_word' id='word_1_187' title='bbox 1009 2650 1098 2715; x_wconf 90' lang='lat' dir='ltr'>doles</span> <span class='ocrx_word' id='word_1_188' title='bbox 1113 2671 1139 2711; x_wconf 79' lang='lat'>25</span> 
     </span>
     <span class='ocr_line' id='line_1_27' title="bbox 83 2736 1099 2820; baseline 0.002 -21"><span class='ocrx_word' id='word_1_189' title='bbox 83 2740 118 2799; x_wconf 93' lang='lat' dir='ltr'>et</span> <span class='ocrx_word' id='word_1_190' title='bbox 142 2757 201 2820; x_wconf 86' lang='lat' dir='ltr'>ego</span> <span class='ocrx_word' id='word_1_191' title='bbox 225 2736 284 2819; x_wconf 89' lang='lat' dir='ltr'>sic,</span> <span class='ocrx_word' id='word_1_192' title='bbox 307 2741 345 2801; x_wconf 95' lang='lat' dir='ltr'>ut</span> <span class='ocrx_word' id='word_1_193' title='bbox 367 2736 430 2801; x_wconf 93' lang='lat' dir='ltr'>tibi</span> <span class='ocrx_word' id='word_1_194' title='bbox 452 2759 520 2801; x_wconf 93' lang='lat' dir='ltr'>non</span> <span class='ocrx_word' id='word_1_195' title='bbox 542 2737 720 2803; x_wconf 89' lang='lat' dir='ltr'>concedam.</span> <span class='ocrx_word' id='word_1_196' title='bbox 765 2737 888 2803; x_wconf 86' lang='lat' dir='ltr'>Verum</span> <span class='ocrx_word' id='word_1_197' title='bbox 910 2739 990 2803; x_wconf 90' lang='lat' dir='ltr'>haec</span> <span class='ocrx_word' id='word_1_198' title='bbox 1008 2737 1099 2801; x_wconf 86' lang='lat' dir='ltr'>Prin-</span> 
     </span>
     <span class='ocr_line' id='line_1_28' title="bbox 83 2823 1099 2912; baseline 0.002 -25"><span class='ocrx_word' id='word_1_199' title='bbox 83 2823 173 2906; x_wconf 89' lang='lat' dir='ltr'>cipes</span> <span class='ocrx_word' id='word_1_200' title='bbox 196 2823 346 2909; x_wconf 87' lang='lat' dir='ltr'>uiderint,</span> <span class='ocrx_word' id='word_1_201' title='bbox 369 2824 425 2908; x_wconf 90' lang='lat' dir='ltr'>qui</span> <span class='ocrx_word' id='word_1_202' title='bbox 447 2824 512 2890; x_wconf 90' lang='lat' dir='ltr'>nisi</span> <span class='ocrx_word' id='word_1_203' title='bbox 530 2830 700 2910; x_wconf 87' lang='lat' dir='ltr'>peccarent</span> <span class='ocrx_word' id='word_1_204' title='bbox 718 2825 754 2891; x_wconf 94' lang='lat' dir='ltr'>in</span> <span class='ocrx_word' id='word_1_205' title='bbox 772 2826 907 2911; x_wconf 91' lang='lat' dir='ltr'>delectu,</span> <span class='ocrx_word' id='word_1_206' title='bbox 929 2825 1099 2912; x_wconf 85' lang='lat' dir='ltr'>gymnasia</span> 
     </span>
     <span class='ocr_line' id='line_1_29' title="bbox 82 2912 1098 2996; baseline 0.004 -21"><span class='ocrx_word' id='word_1_207' title='bbox 82 2912 235 2976; x_wconf 88' lang='lat' dir='ltr'>florerent</span> <span class='ocrx_word' id='word_1_208' title='bbox 271 2912 459 2996; x_wconf 91' lang='lat' dir='ltr'>optimeque</span> <span class='ocrx_word' id='word_1_209' title='bbox 495 2933 567 2978; x_wconf 89' lang='lat' dir='ltr'>cum</span> <span class='ocrx_word' id='word_1_210' title='bbox 603 2914 722 2978; x_wconf 87' lang='lat' dir='ltr'>litteris</span> <span class='ocrx_word' id='word_1_211' title='bbox 759 2917 792 2978; x_wconf 89' lang='lat' dir='ltr'>et</span> <span class='ocrx_word' id='word_1_212' title='bbox 825 2915 908 2978; x_wconf 93' lang='lat' dir='ltr'>bene</span> <span class='ocrx_word' id='word_1_213' title='bbox 944 2913 1098 2979; x_wconf 86' lang='lat' dir='ltr'>litteratis</span> 
     </span>
     <span class='ocr_line' id='line_1_30' title="bbox 83 2999 1098 3087; baseline 0.003 -23"><span class='ocrx_word' id='word_1_214' title='bbox 83 2999 271 3065; x_wconf 91' lang='lat' dir='ltr'>hominibus</span> <span class='ocrx_word' id='word_1_215' title='bbox 294 3005 453 3086; x_wconf 87' lang='lat' dir='ltr'>ageretur.</span> <span class='ocrx_word' id='word_1_216' title='bbox 497 3001 547 3066; x_wconf 92' lang='lat' dir='ltr'>De</span> <span class='ocrx_word' id='word_1_217' title='bbox 573 3001 689 3067; x_wconf 88' lang='lat' dir='ltr'>studiis</span> <span class='ocrx_word' id='word_1_218' title='bbox 717 3001 798 3066; x_wconf 92' lang='lat' dir='ltr'>meis</span> <span class='ocrx_word' id='word_1_219' title='bbox 826 3024 868 3066; x_wconf 91' lang='lat' dir='ltr'>an</span> <span class='ocrx_word' id='word_1_220' title='bbox 895 3002 934 3066; x_wconf 93' lang='lat' dir='ltr'>de</span> <span class='ocrx_word' id='word_1_221' title='bbox 956 3001 1098 3087; x_wconf 87' lang='lat' dir='ltr'>negotiis</span> 
     </span>
     <span class='ocr_line' id='line_1_31' title="bbox 82 3089 1138 3176; baseline -0.001 -24"><span class='ocrx_word' id='word_1_222' title='bbox 82 3089 207 3173; x_wconf 88' lang='lat' dir='ltr'>aliquid</span> <span class='ocrx_word' id='word_1_223' title='bbox 229 3089 391 3153; x_wconf 80' lang='lat' dir='ltr'>scribam?</span> <span class='ocrx_word' id='word_1_224' title='bbox 431 3091 564 3176; x_wconf 86' lang='lat' dir='ltr'>negotia</span> <span class='ocrx_word' id='word_1_225' title='bbox 590 3089 674 3154; x_wconf 89' lang='lat' dir='ltr'>nihil</span> <span class='ocrx_word' id='word_1_226' title='bbox 702 3090 742 3153; x_wconf 90' lang='lat' dir='ltr'>ad</span> <span class='ocrx_word' id='word_1_227' title='bbox 769 3093 802 3153; x_wconf 89' lang='lat' dir='ltr'>te</span> <span class='ocrx_word' id='word_1_228' title='bbox 826 3089 960 3156; x_wconf 88' lang='lat' dir='ltr'>scilicet:</span> <span class='ocrx_word' id='word_1_229' title='bbox 990 3090 1097 3156; x_wconf 89' lang='lat' dir='ltr'>studia</span> <span class='ocrx_word' id='word_1_230' title='bbox 1111 3111 1138 3151; x_wconf 82' lang='lat' dir='ltr'>ao</span> 
     </span>
     <span class='ocr_line' id='line_1_32' title="bbox 83 3177 1097 3264; baseline 0.004 -23"><span class='ocrx_word' id='word_1_231' title='bbox 83 3198 159 3242; x_wconf 92' lang='lat' dir='ltr'>uero</span> <span class='ocrx_word' id='word_1_232' title='bbox 183 3178 419 3262; x_wconf 91' lang='lat' dir='ltr'>propemodum</span> <span class='ocrx_word' id='word_1_233' title='bbox 441 3178 547 3243; x_wconf 90' lang='lat' dir='ltr'>iacent</span> <span class='ocrx_word' id='word_1_234' title='bbox 571 3183 604 3243; x_wconf 93' lang='lat' dir='ltr'>et</span> <span class='ocrx_word' id='word_1_235' title='bbox 622 3199 660 3242; x_wconf 94' lang='lat' dir='ltr'>eo</span> <span class='ocrx_word' id='word_1_236' title='bbox 679 3177 793 3264; x_wconf 86' lang='lat' dir='ltr'>magis,</span> <span class='ocrx_word' id='word_1_237' title='bbox 817 3179 903 3262; x_wconf 91' lang='lat' dir='ltr'>quod</span> <span class='ocrx_word' id='word_1_238' title='bbox 925 3179 1018 3245; x_wconf 91' lang='lat' dir='ltr'>ualeo</span> <span class='ocrx_word' id='word_1_239' title='bbox 1042 3203 1097 3263; x_wconf 89' lang='lat' dir='ltr'>pa·</span> 
     </span>
     <span class='ocr_line' id='line_1_33' title="bbox 81 3266 1098 3354; baseline -0.001 -23"><span class='ocrx_word' id='word_1_240' title='bbox 81 3287 154 3331; x_wconf 89' lang='lat' dir='ltr'>rum</span> <span class='ocrx_word' id='word_1_241' title='bbox 177 3267 350 3331; x_wconf 90' lang='lat' dir='ltr'>commode.</span> <span class='ocrx_word' id='word_1_242' title='bbox 396 3266 441 3331; x_wconf 86' lang='lat' dir='ltr'>Te</span> <span class='ocrx_word' id='word_1_243' title='bbox 464 3267 572 3332; x_wconf 87' lang='lat' dir='ltr'>ualere</span> <span class='ocrx_word' id='word_1_244' title='bbox 595 3266 770 3332; x_wconf 90' lang='lat' dir='ltr'>liberatum</span> <span class='ocrx_word' id='word_1_245' title='bbox 792 3266 865 3354; x_wconf 87' lang='lat' dir='ltr'>iam,</span> <span class='ocrx_word' id='word_1_246' title='bbox 888 3272 925 3334; x_wconf 90' lang='lat' dir='ltr'>ut</span> <span class='ocrx_word' id='word_1_247' title='bbox 947 3268 1098 3351; x_wconf 88' lang='lat' dir='ltr'>arbitror,</span> 
     </span>
     <span class='ocr_line' id='line_1_34' title="bbox 82 3353 1098 3442; baseline 0 -25"><span class='ocrx_word' id='word_1_248' title='bbox 82 3353 235 3420; x_wconf 89' lang='lat' dir='ltr'>diuturno</span> <span class='ocrx_word' id='word_1_249' title='bbox 259 3355 373 3420; x_wconf 90' lang='lat' dir='ltr'>morbo</span> <span class='ocrx_word' id='word_1_250' title='bbox 397 3377 463 3421; x_wconf 91' lang='lat' dir='ltr'>non</span> <span class='ocrx_word' id='word_1_251' title='bbox 485 3353 690 3420; x_wconf 89' lang='lat' dir='ltr'>mediocriter</span> <span class='ocrx_word' id='word_1_252' title='bbox 712 3356 853 3442; x_wconf 87' lang='lat' dir='ltr'>gaude0;</span> <span class='ocrx_word' id='word_1_253' title='bbox 880 3359 1098 3422; x_wconf 88' lang='lat' dir='ltr'>reuertentem</span> 
     </span>
    </p>
   </div>
   <div class='ocr_carea' id='block_1_6' title="bbox 82 3480 296 3489">
    <p class='ocr_par' dir='ltr' id='par_1_6' title="bbox 82 3480 296 3489">
     <span class='ocr_line' id='line_1_35' title="bbox 82 3480 296 3489; baseline 0.014 -3"><span class='ocrx_word' id='word_1_254' title='bbox 82 3480 296 3489; x_wconf 75' lang='lat'>——.-——-</span> 
     </span>
    </p>
   </div>
   <div class='ocr_carea' id='block_1_7' title="bbox 171 3545 933 3619">
    <p class='ocr_par' dir='ltr' id='par_1_7' title="bbox 171 3545 933 3619">
     <span class='ocr_line' id='line_1_36' title="bbox 171 3545 933 3619; baseline -0.004 -19"><span class='ocrx_word' id='word_1_255' title='bbox 171 3553 205 3601; x_wconf 77' lang='lat'>22</span> <span class='ocrx_word' id='word_1_256' title='bbox 226 3549 319 3602; x_wconf 80' lang='lat' dir='ltr'>‘senes</span> <span class='ocrx_word' id='word_1_257' title='bbox 335 3546 485 3618; x_wconf 85' lang='lat' dir='ltr'>perdenda</span> <span class='ocrx_word' id='word_1_258' title='bbox 502 3545 600 3604; x_wconf 81' lang='lat' dir='ltr'>fateri’</span> <span class='ocrx_word' id='word_1_259' title='bbox 620 3545 696 3605; x_wconf 79' lang='lat' dir='ltr'>hlor.</span> <span class='ocrx_word' id='word_1_260' title='bbox 713 3547 933 3619; x_wconf 44' lang='lat' dir='ltr'>saphane.</span> 
     </span>
    </p>
   </div>
   <div class='ocr_carea' id='block_1_8' title="bbox 0 0 1230 3862">
    <p class='ocr_par' dir='ltr' id='par_1_8' title="bbox 0 0 1230 3862">
     <span class='ocr_line' id='line_1_37' title="bbox 0 0 1230 3862; baseline 0 2"><span class='ocrx_word' id='word_1_261' title='bbox 0 0 1230 3862; x_wconf 95' lang='lat' dir='ltr'> </span> 
     </span>
    </p>
   </div>
  </div>
 </body>
</html>
