2452 3862
149 110 192 176 60
406 109 503 164 XXVI.
526 110 621 165 Marco
640 109 763 166 Antonio
782 108 901 164 Murato.

597 343 711 408 XXVI.

258 484 301 548 M.
324 482 493 550 Antonio
516 484 666 548 Mureto
689 483 893 568 Patauium
918 492 982 563 (111,
999 493 1056 561 12).

238 625 299 702 Qui
318 626 398 691 mihi
416 630 489 690 tuas
508 626 618 691 attulit
636 626 772 713 litteras,
791 626 820 690 ei
841 648 901 712 ego
917 647 1024 690 meam
1039 648 1173 693 omnem.

149 737 295 800 operam,
322 715 349 779 si
374 737 437 799 qua
464 715 555 778 inre
579 715 678 779 uellet
701 716 763 798 uti,
792 719 889 799 atquc
917 715 1052 781 omnino
1079 716 1166 800 quid-

122 803 230 886 aquid
271 803 383 887 ualeo,
424 808 480 866 tua
521 825 633 868 caussa
675 803 784 868 detuli.
839 803 929 868 uisus
970 807 1021 868 est
1064 827 1167 870 meam

148 891 323 956 amicitiam
351 891 483 975 plurimi
511 891 615 957 facere
643 896 675 956 11
699 914 718 955 1
747 913 798 956 me
826 895 956 975 praeter
984 913 1059 957 eam
1087 893 1168 958 nihil

148 985 308 1063 expetere.
356 981 442 1064 quod
469 980 517 1043 illi
545 980 735 1045 facillimum
766 980 829 1044 fust
861 980 1047 1064 impetrare.
1095 1004 1169 1046 nam

149 1091 222 1133 eum
245 1068 396 1132 omuibus
423 1072 538 1133 natura
566 1074 676 1155 pateo,
704 1073 775 1133 tum
797 1090 888 1152 uere,
913 1070 1013 1152 quia
1043 1075 1077 1135 te
1102 1070 1169 1134 dili·

148 1161 284 1243 guntur,
316 1179 424 1222 amore
453 1178 525 1221 meo
562 1179 741 1241 numquam
774 1157 992 1222 excludentur.
1049 1157 1170 1224 Catulli

110 1266 136 1304 10
152 1247 238 1331 quod
266 1246 353 1330 apud
379 1251 412 1311 te
439 1247 602 1330 reliquum
630 1250 687 1329 est,
733 1245 832 1311 biduo
861 1245 888 1310 si
916 1246 1059 1331 miseria,
1090 1248 1169 1313 satis

150 1340 333 1420 opportune
352 1334 459 1401 facies.
496 1335 609 1400 deinde
627 1334 708 1399 mihi
732 1357 810 1399 orna
833 1334 914 1398 duos
932 1334 1069 1400 comites
1094 1337 1171 1422 eius,

150 1429 325 1508 utrumque
350 1425 498 1510 dignum,
525 1424 583 1487 ubi
613 1423 767 1488 neruulos
790 1421 913 1509 ingenii
936 1423 985 1487 tui
1008 1425 1169 1490 intendas.

151 1513 249 1577 etiam
272 1512 353 1576 illud
375 1512 455 1576 mihi
479 1511 599 1577 tribuis
621 1511 756 1598 petenti,
780 1511 866 1596 quod
893 1515 968 1576 ante
997 1513 1110 1578 omnia
1138 1519 1170 1578 11

150 1623 250 1664 unum
279 1601 416 1664 fortasse
446 1604 592 1683 spectare
622 1606 655 1664 te
685 1604 775 1684 puto.
822 1622 903 1685 cras,
934 1599 974 1663 ad
1006 1623 1172 1668 summum

112 1705 138 1746 15
152 1687 321 1771 perendie,
348 1688 411 1750 tria
440 1687 559 1751 Catulli
585 1687 664 1752 folia
695 1688 832 1753 mittam.
878 1688 1035 1754 Filiolum
1063 1713 1172 1756 meum

151 1775 386 1856 Hieronymum
394 1775 537 1839 nondum
548 1776 799 1860 quinquennem,
812 1776 897 1842 Aldu
907 1799 1019 1861 parem
1028 1779 1173 1866 ingenie,

151 1861 336 1927 ualetudine
370 1863 558 1948 firmiorem,
590 1865 741 1929 mandare
769 1865 972 1950 Epidaurum
999 1867 1042 1931 ad
1070 1868 1171 1933 homi-

151 1973 226 2016 nem
250 1951 410 2016 eruditum
437 1952 564 2037 meique
592 1958 826 2041 peramantem,
853 1955 1003 2019 Paullum
1025 1955 1172 2043 Bosium,

17 2038 21 2045 ’
153 2040 269 2126 cogito.
315 2040 363 2105 ibi
386 2041 532 2107 moribus
556 2046 589 2107 et
612 2043 727 2127 primis
744 2043 864 2108 litteris
882 2043 1057 2110 imbuetur.
1096 2067 1174 2111 nam

111 2148 139 2188 ao
153 2152 213 2217 ego
232 2152 284 2194 me
303 2130 343 2194 ad
365 2131 444 2196 haec
462 2131 597 2196 humilia
616 2131 784 2196 demittere
801 2132 892 2196 nullo
911 2132 1007 2197 modo
1026 2156 1172 2217 possum.

153 2218 237 2296 Quid
260 2221 447 2304 practerea?
484 2221 566 2285 nihil
593 2220 727 2304 scilieet,
751 2220 849 2285 immo
874 2220 1006 2304 aliquid.
1050 2221 1174 2308 Scribe,

152 2309 268 2372 amabo
291 2312 338 2393 te,
361 2309 406 2372 mi
428 2309 564 2395 Murete,
587 2314 624 2373 ut
646 2309 827 2393 instituisti,
851 2331 948 2393 quam
971 2312 1171 2394 saepissime.

152 2394 347 2480 mehercule,
379 2418 395 2457 e
419 2397 552 2460 summis
580 2401 680 2479 atque
703 2397 840 2462 assiduis
863 2419 929 2462 non
952 2399 1048 2463 modo
1073 2421 1172 2486 nego·

153 2482 217 2565 tiis,
241 2503 354 2545 uerum
368 2482 466 2547 etiam
480 2483 578 2547 animi
593 2484 687 2572 curiS,
701 2489 829 2550 tantum
848 2485 882 2549 in
900 2491 1030 2551 tuarum
1052 2489 1174 2572 episto

112 2589 139 2630 aa
152 2570 257 2633 larum
281 2569 442 2656 elegantia
465 2576 497 2635 et
516 2572 675 2638 suauitate
700 2575 901 2657 conquiesco.
938 2579 1039 2659 atque
1065 2577 1174 2663 etiam,

152 2658 228 2723 dum
246 2659 317 2743 ipse
337 2660 378 2723 ad
395 2664 428 2724 11
448 2661 564 2742 scribo,
589 2661 665 2745 quia
683 2666 716 2726 11
735 2663 814 2727 mihi
835 2667 1039 2748 praesentem
1063 2670 1173 2732 statuo

153 2753 366 2833 mutuumque
389 2749 556 2816 internos
580 2773 760 2816 sermonem
784 2753 886 2838 fingo,
910 2752 1096 2818 incredibili
1119 2776 1174 2819 uo·

153 2836 280 2922 luptate
313 2840 496 2923 perfundor.
547 2839 636 2904 Vale.
677 2839 834 2905 Venetiis
880 2840 1038 2906 Hercules
1072 2865 1174 2926 meus,

155 2927 232 3007 quia
254 2929 357 2993 festus
380 2929 554 2994 hodiernus
578 2929 645 2993 dies
669 2933 727 3013 est,
750 2929 850 2993 abest.
897 2929 969 2993 ideo
997 2930 1079 2996 haec
1102 2954 1176 2996 mea

112 3033 141 3073 ao
154 3016 384 3186 {apuqddeqies
403 3018 638 3102 interpellatus,
657 3018 787 3081 exaraui
807 3017 991 3101 [MDLVIII
1015 3041 1041 3083 a.
1057 3021 1088 3084 d.
1103 3021 1175 3086 XV.

186 3122 225 3164 a.
275 3125 341 3167 au.

156 3236 369 3246 ——..

243 3318 277 3368 28
299 3311 456 3367 ‘Hercules’
477 3313 691 3371 Podocatharus
716 3314 846 3386 Cyprius,
866 3330 921 3384 quo
940 3316 1075 3372 utebatur
1095 3335 1175 3373 ama-

153 3383 261 3455 nuensi,
279 3383 337 3439 uid.
357 3383 407 3454 Ep.
422 3384 519 3441 XXIX.

557 3534 769 3542 ———-—
