2452 3862
392 171 512 229 uxvffl.
535 173 634 228 Ioanni
652 170 776 227 cratoni.
1028 169 1091 235 143

81 334 187 419 gulari
211 333 321 398 diuino
344 356 476 400 munere
498 335 639 418 patriam
657 334 766 419 adepti
785 332 962 397 redibimus
980 331 1021 395 ad
1039 331 1096 396 illa

82 422 246 506 praeclara
269 423 388 507 studia,
416 423 500 487 unde
528 423 688 487 discedere
714 445 781 487 non
808 421 968 505 oportuit,
995 422 1096 485 omni-

84 532 146 594 que
170 533 301 593 prorsus
325 533 400 577 eura
424 511 527 594 uacui,
548 511 638 578 nullo
662 511 851 594 cuiusquam
873 509 1020 593 imperio,
1043 532 1095 573 ιιι-

83 599 181 662 clusis
204 599 311 683 etiam,
334 600 361 664 si
384 600 469 685 licet,
492 599 804 684 interpellatoribus3
835 599 863 662 si
885 620 951 662 non
973 597 1096 682 licebit,

83 710 158 752 rure
185 688 302 774 abditi,
335 689 457 753 salubri
489 688 664 773 aliquoet
692 708 825 752 amoeno
852 686 924 752 loeo
953 687 1136 751 fruemura

83 775 250 841 liberrimo
275 776 357 862 otio,
383 777 537 842 litterulis
559 777 693 861 nostris,
720 797 916 876 operamque
939 775 1097 857 dabimus,

85 868 187 948 quant
187 887 243 929 um
270 865 305 929 in
330 829 426 931 riobis
453 866 528 950 erit,
555 864 719 950 ut,quod
745 864 900 930 amissum
927 867 976 928 est
1003 825 1098 928 anteri

84 953 251 1039 temporis,
269 975 336 1018 non
348 954 382 1017 id
396 917 528 1038 quiderri
544 889 659 1039 tiitiim,
676 953 749 1042 (qui
763 953 850 1018 enim
867 952 937 1017 fieri
950 956 1060 1036 potest
1065 951 1097 1039 l)

83 1042 280 1107 nonnullat
266 1047 375 1108 tamen
402 1065 443 1107 ιιι
469 1047 563 1128 parte
590 1043 746 1108 sarciatur
773 1047 806 1107 et
829 1041 971 1126 aliquem
993 1042 1098 1106 adhuc

84 1154 125 1194 ex
158 1131 268 1195 indust
269 1131 317 1196 ria
348 1132 433 1197 fruct
418 1136 489 1197 tum
521 1132 697 1215 posteritas
734 1131 849 1215 capiat.
903 1129 1139 1196 Valetudinem

83 1220 180 1283 modo
207 1224 338 1284 utamur
365 1221 546 1303 commoda,
578 1241 642 1303 qua
673 1240 760 1284 nune
791 1219 922 1284 omnino
946 1240 1100 1304 caremus,

85 1312 199 1406 erepta
164 1308 398 1372 tlaboribus
426 1309 492 1372 illis
525 1308 687 1391 animique
720 1307 818 1390 curis,
851 1328 932 1390 quae
964 1307 1101 1370 nimium

86 1395 219 1458 omnino
251 1417 380 1481 graues,
412 1395 550 1460 nimium
586 1396 755 1460 diuturnae
792 1395 932 1459 fuerunt.
985 1394 1101 1459 Febris

87 1482 235 1547 discessit
257 1488 333 1566 post
356 1505 475 1550 nouem
497 1484 627 1548 tandem
649 1505 785 1568 menses,
807 1483 865 1548 sed
881 1482 997 1568 inedia,
1019 1505 1102 1547 mor-

88 1573 147 1655 bo,
179 1593 337 1656 maerore,
369 1573 409 1636 ad
444 1571 635 1636 horribilem
671 1593 775 1656 prope
810 1570 945 1636 maciem
982 1571 1099 1636 redact
1075 1576 1101 1635 ιι
1117 1596 1142 1636 15

88 1681 216 1744 sumus,
244 1661 394 1744 quodque
422 1660 570 1726 miserius
602 1661 700 1725 etiam
727 1665 790 1747 est,
817 1660 926 1725 aluum
953 1682 1103 1746 purgare,

87 1749 151 1813 nisi
179 1749 331 1815 accedant
359 1749 558 1815 extrinsecus
585 1749 782 1836 adiumenta,
810 1771 988 1833 numquam
1017 1749 1102 1814 licet.

87 1837 173 1902 Huic
201 1837 344 1903 ariditati
371 1837 533 1903 asininum
555 1837 605 1903 loc
628 1837 781 1922 prodesse
808 1837 982 1922 inprimis
1007 1859 1103 1923 posse

87 1948 192 2008 neque
215 1926 291 1990 huic
313 1927 454 1992 remedio
478 1928 582 1992 ullum
604 1931 769 2010 praestare
792 1926 878 1991 inter
905 1949 1016 1991 omnes
1040 1949 1103 1992 me-

90 2014 179 2077 dicos
198 2015 357 2078 conuenit.
397 2014 435 2079 In
458 2015 532 2080 cibo
552 2015 636 2080 sicca
654 2015 762 2080 omnia
781 2016 947 2101 damnant,
970 2015 1143 2080 humidam

91 2102 243 2184 probant,
261 2103 451 2185 praesertim
470 2124 553 2186 quae
566 2103 673 2168 facilia
691 2103 757 2167 sint
776 2103 816 2166 ad
830 2104 1103 2186 concoquendum.

90 2190 182 2254 Pono
201 2211 352 2275 magnam
366 2211 459 2272 spem
472 2190 506 2254 in
521 2212 632 2254 eorum
650 2190 805 2275 consiliis,
823 2191 978 2255 maiorem
995 2194 1105 2255 tamen

92 2278 127 2341 in
151 2277 249 2341 animi
272 2277 522 2364 tranquillitate,
548 2278 584 2342 in
606 2278 760 2362 adspectu
783 2299 941 2363 meorum,
969 2278 1004 2341 in
1026 2278 1105 2342 caeli

92 2366 191 2449 patrii
219 2365 419 2431 salubritate.
466 2366 603 2450 denique
640 2366 681 2431 ad
715 2366 969 2452 omnipotentem
1000 2366 1106 2432 Deum

92 2454 201 2519 omnia
224 2455 336 2520 refero.
375 2455 533 2539 quidquid
555 2454 715 2540 acciderit,
739 2455 807 2520 eius
826 2455 986 2520 uoluntati
1004 2455 1105 2521 liben-
1119 2479 1145 2519 aa

91 2548 143 2607 ter
166 2544 374 2627 acquiescam.
419 2543 509 2610 Haec
532 2541 571 2609 de
594 2548 681 2608 statu
703 2549 828 2628 nostro,
856 2545 980 2610 utinam
1003 2546 1107 2630 quoti-

92 2632 143 2695 die
171 2631 312 2697 laetiora.
363 2632 450 2717 quod
481 2633 627 2698 futurum
659 2655 752 2718 spero
781 2638 813 2698 et
841 2656 916 2699 sene
944 2639 1001 2699 tua
1031 2657 1107 2718 quo·

95 2741 158 2802 que
173 2741 284 2784 caussa
305 2721 410 2804 cupio.
446 2720 584 2788 Necesse
604 2726 653 2787 est
672 2723 766 2806 enim,
787 2744 884 2805 quem
901 2723 996 2786 ualde
1011 2744 1108 2805 ames,

94 2807 156 2896 (sic
180 2807 267 2872 enim
284 2807 365 2872 milri
387 2808 452 2873 iam
470 2807 631 2897 persuasi)
654 2811 693 2875 de
712 2833 750 2876 eo
769 2811 862 2875 ualde
881 2815 913 2874 te
933 2809 1108 2874 sollicitum

94 2918 172 2960 esse.
208 2894 261 2960 Ad
284 2895 374 2960 illam
396 2898 594 2982 superiorem
607 2899 792 2982 epistolam,
814 2899 937 2964 Romae
957 2897 1109 2981 scriptam
1122 2918 1149 2959 eo

94 2984 245 3067 pluribus
263 2985 383 3071 uerbis,
401 2991 546 3070 expecto,
560 2986 639 3071 quid
656 2985 858 3071 respondeas.
895 2985 984 3050 Vale.
1007 2986 1109 3050 Vene·

93 3073 157 3137 tiis.
182 3073 220 3139 X.
242 3073 313 3139 Kal.
336 3072 420 3140 Nou.
441 3075 603 3141 MDLXX.
704 3110 707 3114 ⁴

497 3359 710 3367 .-...--—-———-
