2452 3862
122 145 164 210 72
419 142 544 199 XXXIV.
563 142 707 214 Stephano
727 141 832 199 Saulio.

121 306 201 391 pria.
233 328 329 388 uxor,
362 303 452 369 cuius
480 304 716 390 praecipuet
686 304 792 370 studio
820 325 871 370 res
898 303 1071 370 familiaris
1104 329 1143 373 ac

122 396 272 460 domust
258 393 412 458 tetaniti
413 396 479 476 tur,
508 414 589 477 quae
617 415 668 458 me
695 392 807 458 multis
834 391 993 458 molestiis
1020 393 1141 460 mult-

120 504 255 567 rumque
278 503 426 547 rerume
408 485 441 546 et
464 503 611 547 curarum
634 503 729 547 onere
751 481 883 546 leuabat
887 502 1008 566 ,quae
1032 504 1143 550 meam

121 571 208 637 ualet
209 570 340 636 udinem
373 569 536 655 praesenti
568 592 696 654 semper
727 570 834 635 officio
867 570 982 635 tuebat
967 574 1035 656 tur,
1069 572 1144 657 ipsa

94 680 207 725 cnunc
229 660 312 724 iacet
325 659 460 745 periculi
474 681 539 725 non
555 680 679 743 expers,
702 658 826 723 affectis
845 658 996 723 diuturno
1021 662 1142 727 morbo

120 748 255 814 uiribus.
293 770 353 834 ego
377 770 477 813 uexor
500 746 705 812 acerbissime
724 745 951 811 anniuersariis
970 748 1143 815 oculorum

121 837 301 922 doloribus,
328 857 410 921 quos
437 858 561 921 sanare,
594 857 667 900 oum
694 835 760 900 iam
788 857 891 920 paene
917 839 1044 901 tentata
1076 838 1144 903 sint

122 926 240 1011 omnia,
262 925 419 990 humanae
443 925 522 989 artis
544 946 611 989 non
629 927 720 1008 puto.
756 923 897 988 remedia
915 929 993 989 sunt
1011 926 1055 990 ab
1076 949 1142 991 uno

122 1014 188 1099 illo,
213 1013 270 1096 qui
293 1012 386 1078 malis
410 1012 533 1078 cunctis
556 1011 870 1098 medetur,0caelesti
892 1012 1018 1078 medico
1045 1036 1144 1099 expe

81 1125 108 1165 ιο
122 1101 226 1166 tenda.
250 1101 279 1164 ιι
290 1101 371 1165 mihi
381 1101 547 1185 optimam,
562 1104 599 1166 ut
613 1123 718 1185 spere,
732 1101 950 1166 ualetudinem
964 1101 1142 1186 aliquando

120 1189 283 1273 restituet;
307 1189 335 1253 si
358 1189 419 1252 hoc
442 1189 562 1274 minue,
585 1189 709 1254 muniet
732 1211 784 1253 me
807 1189 922 1255 saltem
945 1211 983 1254 ea
1006 1191 1142 1277 uirtute,

121 1300 185 1362 qua
216 1299 267 1342 res
299 1277 451 1342 aduersae
490 1277 583 1343 facile
620 1278 835 1362 perferuntur.
888 1277 936 1342 ita
970 1278 1061 1344 salus
1101 1301 1143 1344 ex

120 1367 234 1432 morbo
261 1370 429 1467 nascetur,
452 1389 518 1431 non
544 1367 636 1453 haec,
667 1388 730 1450 qua
758 1387 875 1451 corpus
902 1366 1009 1452 uiget,
1045 1389 1145 1469 quam

121 1478 182 1541 ego
212 1455 316 1520 adhue
344 1455 431 1521 omni
462 1455 676 1520 remediorum
699 1476 816 1541 genere
840 1455 923 1519 frust
909 1458 960 1520 tra
984 1456 1144 1542 quaesiui,

82 1565 107 1605 15
123 1565 292 1627 quaecum
310 1545 382 1626 ipso
402 1566 536 1627 corpore
555 1565 731 1628 paucorum
750 1565 907 1607 annorum
926 1544 1035 1626 spatio
1052 1545 1143 1630 peni-

121 1636 175 1696 tus
190 1637 261 1696 exst
262 1633 375 1718 inguet
377 1654 423 1716 ur,
361 1632 494 1696 tsed
508 1631 564 1696 illa
578 1631 661 1695 mult
647 1635 802 1732 topraest
803 1631 918 1716 anticr,
932 1653 996 1715 qua
1009 1637 1144 1699 nostrae

121 1724 259 1804 mentes,
283 1742 356 1784 eum
379 1741 448 1783 sese
472 1719 514 1783 ab
533 1720 631 1783 haet
617 1723 733 1785 tterres
735 1719 762 1784 ri
720 1720 860 1784 tlabe
883 1719 1087 1786 seiunxerint
1110 1726 1143 1786 et

121 1829 195 1871 cum
217 1807 391 1888 purissimo
415 1806 471 1870 illc
496 1807 684 1871 caelestium
706 1808 887 1872 animorum
910 1812 1005 1872 coetu
1029 1831 1142 1874 conso-

121 1893 287 1977 eiauerint,
310 1898 469 1976 perpetuo
493 1895 649 1958 fruentur.
696 1895 827 1960 interim
850 1895 937 1960 ιοι
928 1918 963 1960 m
993 1919 1043 1960 me
1067 1919 1142 1961 ecn-

80 2005 107 2045 ιο
122 2003 235 2047 curren
236 1943 326 2045 tilius
355 1981 449 2045 malis
477 2002 572 2068 aegre
605 1982 764 2066 impetum
796 1983 939 2048 sustineo
968 1984 1144 2071 planeque,

123 2069 277 2154 quoniam
304 2069 402 2133 hemo
431 2091 516 2155 sum,
550 2070 703 2135 debilitor
731 2071 883 2137 aduersis.
928 2071 991 2137 Hic
1020 2076 1059 2138 tu
1091 2097 1145 2139 me

121 2180 218 2224 uocas
242 2159 282 2223 ad
305 2158 563 2225 scribendumet
549 2159 791 2244 thortaris,ut
754 2165 879 2224 utea
865 2160 990 2225 tradam
1012 2160 1146 2247 litteris,

122 2271 204 2333 quae
239 2247 367 2314 assiduo
400 2248 531 2350 linguae
564 2249 634 2313 Lat
611 2253 697 2314 tmee
735 2270 795 2313 usu
828 2252 861 2312 et
895 2249 1048 2314 diuturna
1080 2214 1146 2316 tibi

122 2339 234 2404 uideor
258 2337 489 2403 exercitatione
517 2342 668 2402 conseeut
670 2358 716 2401 us.
761 2335 821 2401 Vis
844 2359 895 2402 me
919 2336 1059 2423 scilieet,
1089 2362 1146 2424 op·

81 2448 106 2489 ae
122 2427 201 2490 time
216 2425 313 2508 Sauli,
337 2447 408 2488 eam
426 2425 521 2508 uiam,
546 2447 626 2507 quae
645 2426 686 2488 ad
709 2425 872 2508 eloquent
863 2447 927 2490 mm
950 2426 1049 2510 ducit,
1070 2447 1147 2512 ape

123 2513 194 2577 rire.
241 2512 383 2593 spissum
395 2533 490 2660 ¹⁵opus
513 2532 549 2575 ac
573 2511 712 2598 difficile,
736 2513 889 2578 multit
805 2513 923 2599 ttoii,
945 2516 1145 2599 tranquillae

123 2597 250 2682 mentis,
258 2619 325 2661 non
334 2601 409 2661 nost
410 2620 464 2661 rae
474 2599 632 2686 fortunae
642 2600 761 2666 euiust
747 2601 830 2667 ιιι
820 2624 995 2689 rmagmem
1004 2605 1147 2690 ostendi,

122 2707 227 2771 neque
250 2689 440 2751 nostrorum
462 2652 652 2772 neruoruni,
682 2711 764 2773 quos
788 2695 825 2755 tu
848 2696 945 2774 putas
969 2713 1037 2756 esse
1063 2693 1147 2758 satis

123 2778 249 2862 firmoS,
278 2797 353 2862 ege,
382 2796 478 2860 quam
506 2775 573 2841 sint
600 2739 769 2864 imlrecilli,
802 2779 953 2862 experior
979 2801 1076 2864 saepe
1108 2803 1148 2846 ac

82 2888 110 2928 eo
124 2866 237 2932 sentio.
274 2865 320 2931 At
340 2869 434 2931 erunt
453 2865 609 2949 praeclari
628 2871 771 2950 conatus,
790 2866 888 2932 etiam
907 2867 935 2932 si
953 2889 1020 2933 non
1038 2890 1148 2934 suece-

126 2958 188 3021 det.
235 2953 269 3021 Si
298 2954 344 3020 ita
371 2958 433 3040 est,
464 2955 525 3020 hac
552 2955 645 3020 laude
673 2977 768 3020 nemo
798 2955 986 3021 excluditur.
1032 2962 1147 3040 potest

125 3044 268 3129 aggredi,
300 3044 356 3126 qui
387 3043 472 3129 uult,
501 3043 584 3109 uelle
618 3048 727 3108 autem
758 3043 831 3128 quis
857 3066 924 3110 non
951 3045 1071 3110 debet?
1118 3046 1147 3111 si

127 3130 257 3214 quidem
289 3132 420 3217 egregie
453 3133 637 3216 cupientem
671 3133 781 3217 aliqua
814 3132 868 3196 uel
900 3155 940 3198 ex
976 3134 1038 3198 hoe
1070 3133 1146 3217 ipso

126 3217 230 3305 gloria
268 3224 492 3302 consequetur.
547 3224 594 3305 te,
622 3221 650 3285 si
682 3242 876 3305 quemquam
907 3221 996 3286 Sauli
1028 3222 1114 3287 doct
1090 3226 1147 3287 t·1s

87 3328 113 3370 ιι
128 3308 222 3392 sime,
250 3307 333 3391 te,
325 3327 471 3390 mquam,
503 3272 611 3408 ipsuin
644 3308 734 3373 decet
720 3309 902 3373 tmaxime
930 3309 1075 3374 omnium
1112 3311 1148 3375 id

129 3396 305 3480 suscipere,
339 3394 426 3479 quod
458 3394 581 3459 mihi
572 3396 721 3480 imponis
767 3418 849 3479 quae
878 3397 963 3462 enim
996 3402 1073 3463 sunt
1105 3399 1147 3462 ad

128 3486 190 3551 hoc
217 3505 334 3552 munus
358 3483 550 3568 necessaria,
583 3505 720 3567 quorum
751 3484 823 3550 aliis
855 3485 917 3549 alia
949 3486 1075 3571 desunt,
1109 3509 1148 3551 ea
