2452 3862
372 137 376 144 .
413 173 539 232 XXXIV.
559 177 702 253 Stephano
721 176 828 251 Saulio.
1086 183 1127 247 75

114 340 312 424 loquentem.
359 339 494 404 ornabat
521 338 672 404 laudibus
703 337 751 426 (et
779 343 829 404 est
855 340 967 425 homo,
994 346 1032 405 ut
1061 342 1131 429 scis,

114 433 230 493 natura
244 427 390 513 simplex,
408 431 524 512 rectus,
543 427 634 492 cuius
653 427 694 491 ab
713 427 828 492 intimo
847 450 942 494 sensu
955 451 1131 514 numquam

114 539 157 582 ne
179 516 348 582 minimum
372 515 502 601 quidem
525 520 581 581 aut
600 516 712 580 uultus
741 520 797 580 aut
820 518 922 582 oratio
946 517 1130 606 discrepet).

116 604 195 690 quid
221 605 337 689 plura?
374 603 602 670 conferendum
634 626 707 669 cum
737 603 929 689 antiquitate
956 607 1129 672 iudicabat.

115 693 333 771 Quamobrem
362 693 457 758 redeo
494 693 570 758 illuc
605 697 637 758 et
670 692 823 758 concludo
855 695 974 779 paucis.
1018 695 1131 782 Magni
1158 718 1172 758 5

116 783 197 848 facis
221 781 447 867 eloquentiam,
470 781 560 866 cupis
584 803 655 861 eam
678 783 838 868 cognosci,
862 783 952 868 cupis
975 785 1074 848 amari
1099 790 1131 849 et

115 871 186 936 coli.
215 870 347 956 egregia
361 870 521 955 cupiditas
536 874 569 934 et
581 870 687 935 nobili
701 893 777 935 sane
792 871 863 936 uiro
879 872 990 958 digna!
1008 895 1131 957 uerum,

115 964 153 1024 ut
176 959 238 1024 tibi
262 959 449 1044 satisfacias,
473 962 506 1023 et
528 958 675 1024 inuenias
695 960 818 1025 exitum
842 961 941 1025 studii
964 961 1021 1046 tui,
1046 961 1129 1047 elige

116 1049 155 1112 de
183 1048 323 1133 duobus,
351 1051 460 1112 utrum
488 1046 546 1112 uis.
593 1052 649 1112 aut
672 1048 754 1133 ipse,
783 1049 838 1132 qui
867 1050 1130 1135 poteS,.ostende

113 1136 211 1201 nobis
234 1136 367 1200 Latinae
389 1136 521 1222 linguae
539 1136 813 1220 pulchritudinem
832 1159 868 1201 ac
887 1139 1131 1222 praestantiam:
1147 1159 1174 1199 ro

116 1225 193 1289 doce
216 1247 289 1308 nos,
317 1224 394 1288 doce
423 1228 559 1308 ceteros,
583 1246 665 1308 quae
689 1225 732 1288 sit
760 1226 828 1289 eius
852 1226 1075 1310 adipiscendae
1099 1232 1132 1291 et

116 1313 330 1397 perfruendae
354 1312 436 1376 ratio
459 1312 607 1394 ineunda,
629 1315 699 1395 aut,
726 1312 754 1376 si
779 1333 860 1395 quos
883 1313 1049 1378 existimas
1071 1315 1133 1379 hoc

118 1399 282 1484 praeclare
301 1420 406 1482 posse,
425 1399 530 1462 excita
549 1420 603 1463 eos
621 1399 826 1482 liberalitate,
844 1401 919 1463 foue
937 1400 1003 1464 tuis
1023 1401 1132 1485 copiis.

117 1484 186 1552 noli
209 1486 278 1569 pati
302 1487 444 1550 animum
468 1506 578 1549 eorum
600 1485 662 1550 hac
684 1490 717 1550 et
739 1485 795 1550 illa
818 1509 893 1551 cura
917 1488 1064 1553 distrahi:
1091 1490 1133 1553 sit

32 1641 39 1651 ,
116 1576 263 1640 intentus
282 1577 314 1638 et
332 1574 417 1639 fixus
435 1573 497 1638 hoc
515 1595 579 1638 uno
597 1575 632 1638 in
650 1574 757 1639 studio
779 1597 885 1660 neque
904 1576 1042 1642 abducat
1060 1599 1133 1642 eum
1148 1596 1175 1638 ιε

117 1664 159 1728 ab
184 1684 281 1747 opere
304 1662 520 1747 pulcherrimo
544 1684 581 1728 ac
597 1662 801 1728 nobilissimo
819 1664 1018 1730 humillimae
1037 1665 1133 1731 inter-

111 1753 194 1817 dum
220 1751 269 1816 rei
291 1751 398 1836 turpis
422 1755 453 1815 et
477 1751 605 1817 sordida
627 1753 820 1836 procuratio.
857 1753 903 1818 ita
927 1755 1133 1839 consequeris

117 1840 220 1924 facile,
239 1840 326 1924 quod
339 1841 399 1924 uis,
414 1840 613 1924 optimisque
627 1841 743 1906 studiis
762 1846 794 1906 et
813 1843 998 1926 posteritati
1016 1865 1134 1930 magna

117 1934 174 1994 tua
201 1951 275 1994 cum
300 1928 395 1993 laude
423 1929 577 1994 consules.
621 1926 696 2014 Illa,
724 1953 806 2015 quae
834 1931 949 1997 scribis
979 1932 1017 1996 de
1044 1933 1133 2019 legu-

117 2018 189 2082 leiis
214 2017 409 2102 quibusdam
432 2017 466 2081 in
489 2039 597 2081 meum
618 2017 741 2082 librum
764 2019 803 2083 de
824 2019 980 2084 Romanis
1001 2020 1132 2107 legibus
1145 2041 1174 2080 ao

118 2105 306 2171 detrahendi
340 2104 447 2168 studio
475 2105 716 2168 incurrentibus
747 2107 813 2191 legi
845 2108 935 2171 nullo
964 2130 1037 2172 cum
1069 2114 1132 2174 sto-

116 2195 241 2275 macho,
263 2213 323 2256 nec
346 2212 418 2255 sum
437 2191 572 2255 miratus
591 2213 610 2253 a
628 2191 776 2256 barbaris
794 2194 981 2258 hominibus
1005 2196 1132 2260 sordido

118 2282 258 2366 quodam
280 2280 462 2343 litterarum
485 2301 603 2364 genere
631 2279 767 2344 assuetis
790 2280 996 2366 elegantioris
1019 2283 1134 2347 doctri-

116 2392 179 2436 nae
203 2367 370 2432 scientiam
398 2372 431 2431 ct
459 2367 550 2451 quasi
577 2367 740 2432 lautitiam
765 2369 925 2452 quandam
954 2370 1133 2436 studiorum

118 2457 289 2525 contemm.
325 2455 401 2523 Non
424 2455 532 2540 placet
555 2455 627 2520 istis
648 2478 739 2522 meus
756 2456 849 2542 liber,
872 2458 999 2545 magnis
1022 2459 1133 2525 uideli-
1147 2480 1174 2522 aa

119 2553 170 2613 cet
193 2546 281 2632 uiris,
306 2566 445 2630 quorum
463 2545 549 2609 fama
567 2544 694 2610 aedium
712 2545 849 2631 illarum,
872 2547 906 2611 in
931 2548 1050 2633 quibus
1069 2548 1133 2633 ipsi

119 2635 285 2717 habitant,
313 2634 426 2700 limina
448 2634 592 2699 nondum
616 2639 665 2699 cst
688 2657 824 2721 egressa,
871 2640 905 2700 at
927 2637 1034 2720 placet
1055 2637 1134 2702 Vin-

118 2724 224 2789 centio
251 2722 455 2805 Portulacae,
482 2722 573 2786 cuius
601 2727 650 2787 est
677 2723 711 2787 in
743 2725 824 2789 urbc
851 2723 963 2788 Brixia
995 2725 1133 2808 insignis

118 2811 302 2896 auctoritas,
324 2810 450 2875 illustre
469 2832 528 2893 per
550 2808 678 2874 Italiam
700 2833 831 2895 nomen,
859 2812 966 2894 placet
989 2811 1131 2875 Antonio

117 2899 318 2987 Augustino,
350 2898 458 2963 Marco
488 2896 631 2963 Antomo
661 2899 781 2964 Nattae
788 2948 797 2981 ,
834 2898 944 2962 Laelio
975 2898 1132 2983 Taurello,
1146 2923 1175 2964 ao

117 2990 203 3055 Vido
221 2987 399 3071 Pancirolo,
421 2985 501 3051 iuris
525 2986 693 3070 utriusque
712 2986 845 3050 scientia
869 2985 971 3070 claris,
996 3007 1134 3070 quorum

117 3078 250 3143 nomina
273 3075 403 3158 scriptis
427 3073 567 3160 egregiis
590 3078 709 3138 testata
732 3073 837 3138 uirtus
860 3076 959 3156 atque
983 3096 1134 3159 expressa

118 3188 192 3231 cum
215 3164 404 3229 aeternitate
429 3162 610 3248 coniungct.
651 3162 712 3226 hos
735 3183 795 3248 ego
818 3183 963 3227 meorum
984 3163 1134 3230 laborum

118 3260 152 3319 et
177 3253 363 3340 uigiliarum
391 3251 574 3316 laudatores
602 3271 675 3315 cum
703 3250 812 3336 audio,
840 3250 927 3316 uiros
954 3275 1071 3338 graues
1101 3258 1134 3316 et

119 3346 224 3407 certos
252 3340 461 3424 omniumque
492 3338 724 3423 nobilissimos,
754 3339 885 3405 uoculas
918 3362 1032 3404 raucae
1067 3340 1132 3420 ple·
1146 3358 1175 3398 aa

119 3429 253 3495 beculae
276 3432 460 3514 contemno,
488 3427 629 3512 quidque
652 3426 741 3492 leues
771 3433 803 3492 et
827 3429 956 3494 obscuri
988 3426 1134 3489 homines

120 3520 160 3583 dc
188 3540 239 3584 me
267 3518 408 3582 sentiant
434 3521 491 3581 aut
517 3515 707 3600 loquantur,
738 3537 804 3581 non
834 3537 903 3580 esse
928 3513 1009 3579 mihi
1040 3510 1133 3575 ualde
