2452 3862
377 189 424 246 lv.
453 188 624 258 Hieronymo
644 189 808 260 Seripando.
1077 193 1103 256 5

85 351 183 435 lusus,
206 355 452 434 personatorum
475 350 626 434 ineptiae.
664 350 741 434 quid
766 351 915 435 quaeris?
939 358 1098 438 sexcenta,

83 439 268 522 quaemihi
292 443 324 504 et
348 439 575 503 beneuolentia
601 444 712 503 nostra
740 440 928 524 suppeditat
952 446 985 505 et
1007 442 1099 506 fami-

82 527 206 592 liaritas
224 527 395 612 permittit,
414 532 451 592 ut
471 527 617 591 scribam.
651 527 726 611 quia
744 532 853 592 tamen
871 529 995 594 leuiora
1013 535 1097 613 sunt,

83 616 212 701 omitto,
241 638 281 680 ne
305 638 439 702 grauem
462 615 695 700 philosophum
723 617 890 681 offendam.
936 640 1034 702 porro
1058 619 1097 682 de

82 705 163 769 meis
199 705 297 768 rebus
334 704 412 788 quid
444 709 625 790 exspectes,
657 704 741 768 nihil
772 709 829 770 est.
884 706 1097 771 mutationem
1124 726 1137 767 5

82 793 206 856 nullam
238 793 383 857 fecerunt
420 814 439 856 a
471 793 612 858 discessu
644 797 710 858 tuo.
761 793 800 856 de
837 799 869 857 te
903 816 984 879 quae
1016 795 1096 859 scire

83 881 194 965 uelim,
217 881 297 945 haec
320 886 409 965 sunt,
433 904 496 965 quo
520 882 616 946 modo
639 881 826 946 redeuntem
850 883 944 947 amici
967 883 1015 946 illi
1039 884 1097 966 tui,

82 969 158 1032 libri
184 969 318 1054 scilicet,
349 970 544 1054 acceperint,
571 992 651 1035 num
678 992 715 1034 eo
738 970 811 1055 ipso
840 971 890 1034 die
919 972 959 1035 ad
986 994 1097 1036 eorum

82 1058 346 1123 consuetudinem
368 1063 401 1122 te
421 1058 555 1142 dederis,
578 1081 619 1123 an
637 1059 756 1144 potius,
780 1060 857 1123 dum
879 1060 940 1123 hae
964 1061 1096 1124 baccha-

81 1147 186 1212 tiones
210 1147 444 1233 deferuescant,
471 1148 506 1211 in
534 1148 638 1212 hortis
662 1170 735 1212 cum
757 1147 914 1233 EpicurO,
942 1170 1039 1232 quam
1062 1149 1097 1212 in
1111 1167 1143 1216 1⁰,

81 1236 251 1320 gymnasio
275 1258 348 1301 cum
370 1235 547 1301 Aristotele
576 1236 658 1300 uelis
681 1236 799 1302 uiuere.
846 1241 892 1321 et,
920 1258 993 1301 cum
1016 1237 1096 1300 haec

83 1324 264 1408 scripseris,
291 1324 371 1388 adde
394 1326 546 1408 uerbum,
575 1325 602 1388 si
625 1347 676 1388 me
700 1347 801 1408 amas,
830 1325 868 1388 de
897 1325 1096 1409 pugiunculo

84 1410 141 1473 illo
163 1416 230 1495 tue,
254 1434 317 1494 quo
338 1434 398 1497 ego
417 1417 450 1476 te
469 1412 663 1494 impeditum
687 1416 719 1475 et
738 1411 908 1496 alligatum
927 1434 1001 1475 ense
1025 1433 1097 1475 cum

84 1497 151 1560 uidi
176 1498 350 1582 discedere,
372 1521 438 1563 non
461 1499 552 1563 tenui
575 1498 684 1563 risum.
726 1520 763 1562 ac
785 1499 875 1562 uolui
898 1521 1042 1584 pungere
1065 1503 1097 1563 te

84 1586 185 1669 dioto,
222 1587 278 1650 sed
314 1587 437 1650 ueritus
474 1609 558 1670 sum,
595 1608 635 1651 ne
672 1591 709 1652 tu
745 1586 864 1652 rustice
896 1610 947 1651 me
979 1587 1096 1672 gladio.
1112 1606 1141 1647 re

82 1675 255 1758 epistolam
284 1675 385 1740 habes
416 1675 584 1740 iocationis
615 1675 757 1760 plenam,
791 1698 854 1759 qua
883 1680 916 1741 te
947 1698 1015 1741 esse
1047 1676 1097 1739 de-

82 1763 236 1827 lectatum
260 1785 457 1849 cognouero,
484 1765 512 1828 si
539 1763 666 1829 miseris
689 1764 759 1849 ipse
783 1764 970 1848 pleniorem.
1014 1764 1096 1829 Vale

83 1851 345 1932 [1111111111.

483 2013 692 2021 ι-----.

564 2203 618 2268 IV.

153 2342 296 2408 Paulus
323 2343 523 2408 Manutius
551 2343 789 2427 Hieronymo
818 2342 1030 2427 Seripando
1111 2371 1138 2410 ro

504 2450 677 2515 salutem.

170 2589 291 2675 Accepi
313 2591 440 2655 litteras
460 2613 570 2656 omnes
589 2596 671 2674 tuas,
694 2591 875 2675 quaemihi
894 2593 1097 2678 gratissimae

83 2679 222 2743 fuerunt.
258 2679 406 2743 intellexi
425 2680 520 2762 enim,
544 2701 640 2763 quam
663 2680 757 2744 facile
776 2685 966 2746 consecutus
985 2704 1095 2766 essem,

83 2770 120 2831 ut
150 2789 223 2832 eum
251 2767 406 2851 animum,
439 2789 535 2850 quem
563 2790 624 2853 ego
657 2790 716 2851 per
745 2768 870 2833 litteras
900 2768 1096 2854 detulissem,

83 2855 283 2939 perlibenter
311 2855 565 2940 amplectereris,
595 2878 659 2939 qua
687 2856 817 2939 quidem
844 2879 878 2920 re
905 2857 988 2920 nihil
1015 2857 1096 2921 mihi
1111 2870 1137 2911 2⁵

83 2944 193 3026 potuit
212 2943 357 3028 optatius
376 2945 531 3008 accidere:
554 2966 619 3008 non
639 2944 725 3028 quod
747 2966 807 3029 ego
827 2944 921 3007 aliter
943 2967 1096 3028 umquam

83 3031 172 3096 dete
196 3032 369 3096 sensissem
396 3036 453 3096 aut
481 3033 567 3116 quod
594 3032 633 3095 de
661 3036 717 3095 tua
745 3032 779 3096 in
803 3031 964 3097 studiosos
987 3055 1097 3098 omnes

83 3119 250 3184 uoluntate
279 3121 492 3203 dubitassem,
521 3120 577 3184 sed
606 3119 692 3204 quod
720 3142 780 3205 ego
808 3120 930 3205 ingenii
954 3121 1003 3185 tui
1027 3144 1097 3186 can-

83 3209 193 3272 dorem
224 3209 303 3272 satis
333 3209 463 3292 quidem
492 3208 586 3272 illum
616 3230 655 3272 ex
685 3208 822 3273 aliorum
852 3232 997 3273 sermone
1026 3232 1096 3294 per-

175 3407 209 3454 20
228 3400 270 3454 Ex
288 3398 431 3454 Renuardi
448 3398 607 3453 Annalibus
625 3398 738 3453 Aldinis
756 3416 821 3469 pag.
838 3405 898 3456 520.
918 3432 951 3441 -
971 3404 1004 3454 25
1027 3400 1096 3452 ‘am-

86 3470 262 3540 plectereris'
288 3469 329 3524 sic
352 3469 531 3524 scribendum
559 3472 621 3525 erat
645 3485 696 3539 pro
721 3471 928 3540 ‘amplecteris’3
951 3469 1096 3523 Manutius

87 3542 162 3595 enim
180 3540 298 3610 raptim,
317 3542 350 3594 ut
368 3540 429 3610 ipse
449 3541 610 3609 confitetur,
631 3540 792 3609 scripserat.
