2452 3862
230 193 408 250 Prooemium
425 196 492 252 libri
510 197 545 253 de
562 195 778 269 Magistratibus
796 198 939 256 Romanis.
1047 201 1091 266 59

75 381 174 445 mum,
196 379 301 442 neque
325 358 475 443 cuiquam
498 363 626 424 tantum
648 360 705 424 uni
728 361 956 445 committitur,
980 368 1016 427 ut
1040 386 1091 427 ex-

74 446 289 512 traordinario
330 447 400 512 iure
440 447 543 513 elatus
579 448 725 514 libertati
761 451 986 534 communique
1024 452 1091 517 otio

74 535 183 601 moliri
207 534 387 619 periculum
409 536 523 619 possit.
570 559 633 621 qua
651 536 870 604 moderatione
889 540 1011 604 factum
1034 545 1092 624 est,

74 631 113 691 ut
140 628 216 709 post
248 623 544 690 annosMOXXIV
571 625 636 713 (tot
664 626 750 691 enim
778 628 819 691 ab
850 628 930 691 urbe
963 628 1092 692 condita

72 711 300 798 numerantur)
318 735 384 778 non
401 713 497 779 modo
516 713 700 798 respublica
719 715 770 800 sit,
793 736 906 780 uerum
930 715 1028 782 etiam
1045 717 1092 780 ita
1118 739 1133 780 a

74 804 128 886 sit,
150 807 188 867 ut
211 801 363 866 omnibus
385 802 636 887 rebuspubliois,
659 825 740 888 quae
758 826 844 868 nuno
863 808 947 887 sunt,
969 806 1092 890 magni·

74 890 187 956 tudine
211 912 320 975 opum,
342 890 383 955 iis
406 895 528 975 autem,
551 913 632 976 quae
655 893 796 976 fuenmt,
818 893 947 977 imperii
971 893 1092 958 diutur-

74 979 178 1045 nitate
201 979 381 1045 antecellat.
428 1001 509 1064 quae
533 980 653 1064 quibus
676 981 836 1046 institutis
864 1003 900 1046 ac
923 980 1091 1068 magistra·

75 1069 166 1134 tibus
199 1089 257 1133 usa
288 1068 331 1132 ab
364 1068 480 1132 humili
512 1069 667 1154 tenuique
699 1070 861 1154 principio
894 1071 934 1134 ad
966 1074 1091 1136 tantam

76 1157 269 1244 dignitatem
292 1161 390 1241 atque
413 1156 661 1241 amplitudinem
688 1159 886 1243 peruenerit,
912 1181 1017 1245 neque
1041 1164 1090 1224 est
1106 1183 1133 1223 ro

74 1247 128 1313 hic
150 1245 302 1311 narrandi
324 1245 415 1311 locus
438 1250 471 1310 ct
493 1247 555 1311 hoo
578 1252 804 1333 argumentum
832 1248 894 1312 uiri
922 1248 1091 1332 sapientis-

76 1335 149 1400 simi
169 1335 215 1399 ita
232 1356 299 1400 non
317 1334 413 1400 modo
433 1335 572 1419 copiose,
595 1356 709 1400 uerum
727 1336 825 1400 etiam
845 1340 956 1400 ornate
975 1337 1090 1420 perite-

76 1446 140 1508 que
163 1428 356 1507 tractarunt,
383 1427 429 1507 ut,
453 1423 480 1488 si
504 1423 582 1507 quid
604 1423 687 1488 uelis
713 1424 902 1510 adiungere,
929 1424 1015 1488 idem
1038 1423 1091 1507 sit,

75 1534 113 1578 ac
136 1513 163 1577 si
186 1512 222 1577 in
243 1511 372 1596 Apellis
395 1511 504 1596 aliqua
526 1511 762 1596 perfectissima
784 1512 934 1599 imagine,
958 1516 1038 1596 puta
1056 1512 1091 1575 in

73 1600 200 1666 Venere
222 1600 280 1666 illa
298 1600 373 1688 Coa,
396 1600 551 1666 elabores.
587 1599 694 1667 Nobis
711 1601 857 1666 Romane
880 1600 995 1666 ciuitas
1018 1623 1089 1684 pro·
1105 1623 1133 1664 15

75 1689 185 1774 posita
216 1694 274 1755 est.
329 1711 411 1774 quae
445 1711 541 1774 quam
573 1689 692 1754 multas
724 1689 876 1754 habuerit
907 1694 1018 1773 partes
1050 1690 1090 1753 ad

74 1779 268 1844 imitandum
291 1779 485 1866 praeclaras,
514 1800 616 1844 exeo
639 1782 740 1862 patet,
764 1779 850 1864 quod
872 1779 919 1844 ita
942 1777 1029 1842 bello
1053 1800 1090 1842 ao

73 1889 154 1952 pace
177 1866 299 1954 uiguit,
327 1872 365 1932 ut
392 1867 480 1933 illius
507 1867 575 1932 uim
599 1871 632 1932 et
659 1868 840 1952 potentiam
863 1889 974 1933 omnes
997 1888 1090 1953 reges

73 1957 254 2041 populique
284 1955 543 2040 extimescerent,
575 1957 774 2041 aequitatem
798 1961 830 2021 et
858 1956 1090 2021 abstinentiam

75 2045 240 2111 subiectae
263 2045 361 2111 urbes
383 2045 594 2129 nationesque
618 2044 798 2132 diligerent.
840 2047 977 2110 formam
1001 2067 1089 2109 sena·
1102 2068 1131 2108 ao

73 2140 143 2221 tus,
175 2135 261 2218 quod
295 2134 329 2198 in
365 2156 402 2198 ea
436 2134 605 2217 publicum
638 2134 808 2198 consilium
838 2134 914 2218 fuit,
945 2133 1089 2198 ordinem

74 2222 288 2306 comitiorum,
305 2222 376 2286 iura
393 2222 504 2308 legum
517 2221 623 2286 tribus
636 2222 731 2286 libris
745 2221 962 2305 exposuimus.
993 2219 1027 2286 N
1028 2242 1089 2285 unc

75 2313 116 2377 de
149 2310 392 2398 magistratibus
430 2332 606 2394 eorumque
642 2313 804 2394 potestate
841 2307 1089 2393 disputabimus

73 2405 158 2484 tum,
186 2400 261 2485 quia
287 2401 378 2465 locus
400 2399 471 2483 ipse
495 2399 645 2463 admonet
673 2399 749 2487 (hoo
772 2396 858 2463 enim
885 2396 1015 2484 legibus
1037 2396 1088 2459 ad-

72 2490 221 2556 iunctum
248 2493 280 2554 et
307 2493 475 2572 tamquam
502 2488 663 2553 adnexum
692 2485 850 2575 uidetur),
879 2492 950 2552 tum
982 2485 1088 2569 etiam,
1103 2509 1130 2551 aa

74 2578 151 2664 quia
176 2576 374 2662 Ciceronem,
397 2577 448 2642 cui
471 2577 565 2642 uideo
589 2578 623 2642 in
646 2577 686 2642 iis
708 2577 811 2662 libris,
835 2599 916 2661 quos
939 2574 978 2639 de
996 2574 1088 2660 Legi·

73 2668 137 2732 bus
160 2665 361 2751 conscripsit,
383 2666 470 2730 hunc
493 2666 602 2750 ipsum
625 2666 769 2731 ordinem
792 2665 965 2749 placuisse,
987 2663 1089 2727 liben-

72 2761 124 2821 ter
146 2755 319 2821 imitamur.

474 3021 687 3032 —-.-.-—-—
