2452 3862
430 178 486 235 LII.
514 177 605 234 Mario
623 178 745 237 Nizolio.
1002 203 1005 207 ’
1033 181 1098 245 113

81 349 132 408 est
155 346 211 406 aut
235 363 304 406 esse
328 341 425 404 debet
449 339 627 424 optabilius
655 345 752 425 atquc
780 340 964 428 iucundius,
993 364 1099 428 quam,

82 455 102 495 a
125 453 188 516 quo
208 430 348 495 maxime
367 428 510 494 omnium
529 429 622 515 diligi
641 430 746 516 cupio,
770 451 843 494 eum
863 430 937 494 dare
958 453 1099 516 operam,

82 527 119 586 ut
149 520 182 583 id
210 541 261 583 me
290 540 359 583 csse
388 521 595 582 consecutum
626 518 830 604 intelligam?
866 518 959 595 Quod
991 521 1099 583 autem

83 630 194 673 eorum
206 607 375 690 librorum,
388 606 424 670 in
437 605 557 690 quibus
571 610 604 670 et
618 608 795 692 figurarum
809 611 843 671 et
853 607 1099 693 argumentandi

84 695 365 780 amplificandique
389 695 479 759 uaria
502 717 620 781 genera
648 695 884 782 complecteris,
913 696 1004 780 quasi
1028 717 1098 779 spe·
1126 719 1139 760 5

85 785 189 848 cimen
212 784 371 869 quoddam
394 783 435 847 ad
456 805 508 848 me
531 783 725 848 mittendum
748 783 886 870 putasti:
914 784 982 848 siue
1005 788 1043 848 tu
1066 784 1100 847 id

84 871 212 958 focaria,
235 876 271 936 ut
294 872 506 956 obsequercre
529 871 636 939 studio
659 894 744 958 meo,
775 895 849 937 cum
871 871 904 936 id
927 895 978 937 me
1005 871 1099 937 ualde

85 983 203 1044 cupere
233 960 444 1048 intelligeres,
474 959 544 1026 siue
571 964 610 1025 ut
639 961 770 1028 eliceres
799 960 954 1025 iudicium
983 983 1100 1046 mcum,

85 1049 173 1134 quod
195 1072 246 1113 me
269 1048 352 1114 uelle
375 1053 432 1114 tua
455 1070 567 1114 caussa
594 1049 747 1134 multum,
774 1071 869 1132 posse
892 1049 1015 1134 aliquid
1038 1051 1099 1114 for·

83 1143 169 1203 tasse
197 1139 258 1202 hac
282 1137 411 1222 quidem
434 1137 468 1202 in
490 1160 539 1223 re,
566 1136 710 1202 animum
737 1137 931 1224 induxisseS,
962 1142 1099 1222 utroque
1115 1161 1142 1202 ro

84 1227 215 1291 nomine
240 1230 289 1291 est
312 1248 402 1311 sanc,
429 1247 486 1291 cur
512 1230 546 1290 te
569 1248 674 1290 amem
697 1247 734 1290 ac
757 1225 820 1290 tibi
844 1227 978 1290 debeam
1001 1226 1100 1310 pluri-

84 1336 182 1378 mum.
228 1335 288 1378 nec
311 1314 420 1379 deesse
443 1314 562 1401 patiar,
592 1314 824 1399 qualecumque
848 1318 909 1400 est,
940 1314 1101 1378 uoluntati

85 1408 161 1466 tuae
193 1401 348 1465 iudicium
384 1424 499 1467 meum.
557 1401 630 1488 Ego
668 1403 767 1489 enim,
803 1406 840 1467 ut
876 1425 951 1467 uere
989 1402 1101 1486 dicam,

86 1491 183 1554 istam
207 1489 417 1554 excellentem
439 1490 479 1554 ad
498 1490 581 1554 bene
599 1490 637 1554 de
655 1491 774 1556 litteris
797 1492 984 1555 merendum
995 1490 1101 1555 >animi

87 1578 136 1642 tui
174 1577 425 1662 propensionem
460 1578 507 1642 ita
543 1579 661 1666 probo,
698 1583 737 1644 ut
773 1579 903 1644 efferam
939 1579 1100 1643 laudibus.
1116 1600 1142 1641 15

87 1689 183 1753 agere
215 1671 325 1731 autem
355 1667 434 1731 haec
466 1671 499 1730 te
530 1667 627 1732 simul
658 1668 767 1732 omnia
797 1671 830 1732 et
861 1668 1021 1752 implicari
1051 1671 1102 1732 tot

85 1757 184 1821 rebus
215 1756 328 1820 eodem
358 1759 518 1839 tempore,
549 1777 628 1840 quas
658 1779 769 1822 curare
797 1756 942 1842 singulas
970 1761 1002 1820 et
1030 1779 1102 1821 oon-

85 1846 180 1909 ficere
212 1865 428 1931 permagnum
459 1848 521 1928 est,
558 1866 659 1928 aeque
692 1846 830 1930 probare
862 1867 929 1910 non
960 1867 1102 1929 possum.

85 1933 155 1999 Nec
187 1956 238 1997 mc
271 1932 373 2019 fugit,
411 1933 656 2019 argumentandi
690 1933 972 2018 amplificandique
1009 1934 1102 2019 ratio,

88 2021 278 2104 praesertim
301 2042 320 2084 a
342 2026 376 2086 te
398 2021 531 2106 tradita,
560 2045 655 2106 quem
683 2023 796 2086 afferre
825 2024 967 2087 fructum
990 2022 1102 2106 possit.
1117 2045 1145 2085 ao

89 2109 145 2172 sed
174 2110 352 2194 figurarum
383 2109 450 2195 uia,
486 2113 602 2175 natura
634 2110 814 2192 obscurior,
850 2111 1034 2194 praeceptis
1064 2110 1105 2173 ad

88 2197 172 2261 hanc
204 2196 289 2261 diem
325 2197 432 2262 minus
464 2198 607 2285 cognita,
644 2220 705 2262 usu
741 2202 827 2262 certe
865 2220 982 2281 parum
1017 2199 1104 2280 trita,

90 2307 221 2368 poscere
252 2285 357 2371 primo
387 2286 459 2351 loco
489 2286 619 2351 uidetur
645 2287 756 2351 lumen
783 2284 914 2369 aliquod
941 2285 1105 2349 doctrinae

90 2379 178 2458 tuae,
210 2377 247 2440 ut
276 2374 317 2438 ad
347 2379 535 2459 exoptatam
565 2375 717 2440 omnibus
746 2373 948 2458 eloquentiae
977 2373 1105 2437 laudem

90 2467 214 2527 certum
236 2463 300 2528 iter
322 2463 495 2548 aliquando
519 2463 615 2529 unius
637 2463 796 2528 industria
819 2461 1001 2546 patefaciat.
1042 2462 1105 2526 duo
1120 2484 1148 2525 aa

88 2552 212 2635 reliqua
234 2574 324 2636 mox,
348 2557 424 2616 sunt
448 2551 534 2616 enim
556 2553 721 2636 praeclara
739 2552 899 2636 planeque
918 2550 1025 2616 studio
1049 2556 1106 2615 tuo

89 2640 195 2723 digna.
241 2640 373 2704 interim
395 2640 457 2704 hoo
485 2660 586 2704 unum
613 2641 641 2704 si
664 2663 754 2727 ages,
782 2640 924 2724 primum
952 2639 1015 2704 tibi
1043 2640 1107 2723 ipsi

88 2728 236 2789 laborem
262 2726 356 2790 ualde
383 2727 523 2809 minues,
552 2727 620 2790 sine
648 2729 715 2792 ulla
743 2733 853 2792 tamen
882 2728 1107 2792 imminutione

90 2813 195 2878 laudis
218 2817 307 2898 tuae,
330 2813 444 2877 deinde
468 2813 647 2878 communis
666 2815 814 2880 desiderii
833 2814 1108 2899 exspectationem

91 2927 131 2967 ex
161 2902 343 2966 inueterata
372 2900 437 2966 iam
468 2904 544 2965 tuae
576 2901 708 2967 uirtutis
738 2903 890 2987 opinione
920 2906 1025 2966 ortam
1055 2924 1106 2965 ex·
1121 2926 1150 2966 ao

91 2991 200 3075 plebis
232 2990 399 3074 aliquanto
432 2988 599 3055 maturius.
656 3012 752 3074 quam
784 2990 879 3055 multi
917 2989 1002 3054 enim
1033 2989 1108 3075 sint,

92 3081 147 3163 qui
171 3080 250 3143 haec
275 3078 395 3142 latinae
419 3079 574 3144 orationis
596 3079 720 3143 lumina
741 3078 885 3143 nondum
908 3078 1049 3143 uiderint
1072 3101 1109 3143 ac

91 3191 132 3232 ne
163 3190 233 3232 esse
267 3167 397 3252 quidem
426 3167 493 3232 ulla
523 3167 741 3254 suspicentur,
771 3188 868 3252 quam
897 3167 992 3252 pauci
1021 3190 1109 3250 uero,

92 3257 157 3341 qui,
181 3279 255 3321 cum
278 3277 315 3320 ea
338 3255 478 3342 uideant,
501 3255 648 3322 imitandi
667 3261 778 3321 tamen
795 3255 882 3321 uiam
900 3257 1110 3321 strationem

92 3345 256 3429 ignorent,
286 3344 348 3410 scis
374 3344 446 3429 ipse
476 3345 621 3411 omnium
650 3345 773 3433 optime
804 3348 837 3410 et
866 3344 1014 3411 iudicasti
1044 3343 1109 3406 iam
1123 3363 1158 3411 aa

94 3432 134 3495 ab
159 3433 215 3498 illo
239 3437 399 3520 tempore,
430 3456 503 3500 cum
525 3440 559 3500 te
573 3435 647 3509 ¹hac
674 3435 746 3519 ipsa
769 3435 808 3499 de
831 3456 866 3498 re
889 3433 1111 3499 confecturum

95 3541 163 3583 esse
186 3525 288 3586 artem
311 3523 472 3608 quandam
495 3546 632 3614 eamque
653 3524 906 3592 illustrationum
916 3520 1025 3581 umus
1035 3515 1139 3572 axae-

138 3632 162 3671 P.
176 3633 280 3678 Manum
293 3638 412 3690 sputum
427 3643 540 3690 relectae.
909 3626 933 3674 ἶ
