2452 3862
328 179 439 239 XXXV.
462 179 502 238 lo.
522 181 670 252 Baptistae
687 179 803 252 Pignus.
1028 185 1070 250 ’Π

59 343 184 430 potina,
213 346 250 407 ut
277 365 352 407 uere
381 343 497 426 dicam,
527 345 560 406 et
587 340 684 407 simul
712 365 835 427 omnes,
864 345 920 427 qui
947 349 980 409 te
1004 345 1073 410 dili-

58 436 156 518 gunt,
193 452 268 496 cura
300 431 406 496 solicit
392 435 455 518 t,at
489 453 531 495 ne
567 435 600 495 te
635 431 731 495 nobis
768 432 907 516 eripiant
939 455 1072 517 prorsus

59 520 164 585 aulica
194 519 340 605 negotia,
377 519 423 584 sic
456 525 494 584 ut
526 519 567 583 iis
599 518 791 621 disciplinis,
828 543 963 605 quarum
994 545 1072 587 usus

58 613 112 674 111
114 629 227 673 ernum
251 607 347 673 decus
369 608 469 693 parit,
496 607 600 672 salute
628 608 748 672 diota
738 629 842 673 111111
869 608 1003 693 patiaris
1027 633 1073 697 11,

59 718 143 782 quae
170 695 281 762 multis
305 700 379 760 ante
402 695 604 762 mensibus
594 719 673 761 11111
646 696 745 761 tituta
773 697 800 762 si
805 698 955 851 tquando
979 700 1072 782 pcrfi-
1099 717 1114 759 5

58 787 140 871 cias,
166 784 321 850 maiorem
349 784 384 848 in
406 785 592 850 modumet
560 789 695 886 epost
697 785 760 850 eris
787 790 820 851 et
847 786 1011 873 gloriaet
1013 808 1072 851 uae

57 873 190 941 seruies.
237 895 333 958 quam
359 873 442 938 mult
428 877 480 939 tos
508 873 593 938 enim
624 873 728 959 egisse
751 895 877 939 mecum
900 875 1074 961 diligenter

59 961 144 1028 exist
144 962 239 1047 imas,
275 965 313 1026 ut
348 961 495 1028 hortarer
526 967 559 1026 te
592 962 632 1026 ad
664 962 894 1028 absoluendam
925 963 1071 1048 poeticae

57 1051 152 1116 imita
153 1014 253 1115 tionis
280 1053 382 1114 artem
410 1055 479 1135 aut,
511 1050 539 1116 11
565 1049 695 1115 absolut
681 1054 748 1116 tam
775 1052 890 1135 habes,
918 1052 1071 1117 continuo

59 1138 314 1225 diuulgandam?
356 1139 474 1223 quibus
508 1139 749 1240 utaliquando
782 1140 974 1227 satisfacias,
1010 1141 1114 1206 111111

57 1227 213 1314 languere
236 1226 301 1291 11
292 1249 327 1291 111
349 1230 406 1291 tua
349 1227 522 1292 tlaude
544 1227 600 1291 uix
624 1227 753 1313 opinor,
780 1233 889 1293 tamen
911 1233 988 1313 peto
970 1230 1072 1294 oabs

58 1320 107 1416 te,
139 1319 296 1416 quantum
333 1315 517 1381 humanitas
552 1320 610 1380 tua
645 1316 815 1417 permittit.
864 1338 923 1381 nec
955 1321 1073 1400 tamen,

60 1404 160 1469 etiam
192 1403 220 1470 11
252 1408 308 1468 tua
340 1426 391 1469 res
421 1426 488 1469 non
520 1408 682 1490 ageretur,
714 1404 888 1469 amicitiam
919 1409 1072 1490 nostram,

59 1513 158 1577 quam
183 1513 244 1579 ego
272 1492 506 1558 sanctissimam
533 1515 660 1576 semper
686 1492 784 1578 colui,
809 1493 892 1557 nihil
918 1496 992 1557 ate
1015 1492 1072 1556 im-

58 1584 261 1666 petraturam
289 1581 489 1646 confiderem.
540 1581 688 1664 equidem
714 1581 798 1645 nihil
825 1581 854 1646 ei
882 1580 1072 1667 denegarem
1086 1600 1112 1641 15

58 1669 159 1754 idque
189 1673 235 1754 11,
272 1669 404 1754 quodt
406 1691 499 1734 amen
532 1669 769 1735 secundissimis
805 1670 903 1734 rebus
935 1692 972 1734 ac
1004 1669 1072 1734 sine

58 1756 188 1822 molest
162 1760 209 1821 tra
232 1761 288 1822 tua
232 1758 368 1823 ttfia
353 1758 502 1844 t,cupio
527 1757 674 1843 exposuri.
706 1757 779 1844 Ego
802 1779 852 1822 me
876 1758 992 1823 adlitt
963 1762 1073 1844 tt,cras

59 1868 79 1910 a
103 1845 254 1930 quibus
245 1845 314 1910 mni
314 1849 367 1912 tus
314 1846 609 1934 tdiscesseram,
634 1868 784 1912 reuocare
808 1847 914 1932 coepi,
936 1847 1073 1932 adeptus

58 1955 155 2000 usum
178 1933 357 2036 oculorum,
385 1957 482 2020 quem
508 1940 564 2000 ant
566 1957 603 2000 ea
625 1935 850 2021 desperabam,
877 1935 987 2000 diuina
1009 1935 1074 2018 pri-

58 2044 149 2088 mum
179 2044 255 2107 ope,
286 2022 322 2087 in
354 2046 418 2108 qua
447 2027 588 2088 statuere
621 2025 728 2089 omnia
760 2024 926 2125 consueui,
959 2023 1071 2088 deinde
1086 2044 1112 2084 11

59 2109 220 2177 (1111111111
242 2110 394 2195 Faloppii
422 2112 524 2176 soient
525 2113 556 2177 ia
579 2112 743 2198 singulari.
789 2112 841 2176 cui
863 2112 933 2176 uiro
959 2112 1071 2196 quanti

58 2199 143 2264 hanc
170 2198 254 2265 lucis
284 2221 426 2284 usuram,
454 2199 538 2264 idest
524 2201 678 2284 ttquani
706 2200 807 2265 uitam
834 2199 1072 2284 facio,quant1

59 2287 161 2353 etiarn
187 2287 417 2372 praeclaret
377 2289 603 2352 litterarums
604 2288 694 2352 tudia
723 2287 803 2352 mihi
832 2290 922 2372 sunt,
953 2286 1072 2370 quibus

57 2376 118 2441 uix
145 2373 216 2459 ipsa
243 2376 312 2441 uita
339 2376 443 2460 pluris
470 2381 532 2460 111,
562 2376 618 2441 uni
645 2376 741 2460 plane
768 2379 874 2440 totum
904 2378 1072 2459 acceptum

55 2464 172 2530 refero.
218 2464 377 2549 siquidem
405 2465 473 2530 cius
501 2465 660 2551 doctrina,
686 2464 883 2550 humanitas,
911 2463 1072 2549 exquisita
1086 2481 1112 2523 sc
1147 2520 1149 2524 ,

58 2573 138 2618 cura
159 2552 333 2637 pristinam
355 2553 436 2619 mihi
459 2553 689 2639 ualetudinem,
713 2553 843 2619 omnino
867 2552 1072 2639 profligatam

56 2662 96 2706 ac
125 2641 300 2726 perditam,
332 2646 540 2727 conspectum
566 2642 743 2708 liberorum
770 2663 928 2726 meorum,
958 2641 1072 2705 amico-

57 2750 131 2795 rum
161 2728 335 2815 colloquia,
363 2729 523 2795 librorum
550 2731 743 2796 suauitatem
771 2729 929 2813 restituit,
961 2732 1012 2812 ut,
1044 2728 1072 2792 si

59 2838 156 2902 quem
180 2817 314 2902 optimis
341 2819 467 2884 artibus
489 2818 648 2884 industria
674 2823 785 2883 nostra
813 2819 954 2882 fructum
981 2816 1072 2897 feret,

58 2905 88 2970 ei
112 2905 237 2992 gratiae
261 2905 453 2992 debeantur,
481 2907 571 2972 cuius
595 2928 656 2991 ope
680 2928 716 2970 ac
739 2905 846 2970 studio
870 2905 990 2968 factum
1014 2906 1072 2986 111,
1085 2920 1112 2960 11

57 2998 95 3060 ut
122 2993 340 3060 intermissam
368 2995 519 3060 diuturno
548 3017 584 3060 ac
611 2993 795 3078 perdifficili
823 2992 938 3057 morbo
966 2994 1072 3074 poste-

56 3081 166 3148 ritatis
189 3082 387 3148 adiuuandae
411 3083 674 3149 consuetudinem
692 3080 864 3167 aliquando
883 3083 1072 3163 repeterem.

56 3168 107 3236 'Pu
138 3169 220 3236 mihi
249 3171 288 3235 (11
315 3175 372 3236 tuo
399 3175 487 3237 statu
515 3171 717 3255 maximeque
748 3168 786 3234 de
815 3167 943 3234 Alfonsi
973 3168 1073 3234 Ducis

57 3258 230 3325 conatibus
249 3259 389 3345 egregiis
408 3260 448 3324 ad
466 3258 698 3325 honestandam
716 3258 880 3343 uirtutem,
898 3257 937 3322 de
955 3257 1073 3341 quibus

56 3347 144 3412 fama
166 3347 232 3412 iarn
255 3348 454 3434 percrebuit,
480 3349 507 3413 si
532 3348 609 3434 quid
633 3347 878 3434 significaueris,
906 3366 1072 3431 argumcn-
1086 3360 1112 3402 35

55 3437 129 3502 tum
159 3435 221 3502 erit
251 3435 369 3501 amoris
398 3436 433 3500 in
460 3459 511 3502 me
539 3437 601 3520 tui,
634 3457 697 3521 quo
724 3435 837 3501 laetari
866 3434 1072 3499 uehementer

56 3522 154 3591 soleo.
200 3522 296 3609 Vale,
317 3523 464 3591 Venetiis
488 3522 662 3609 [inimi
764 3570 767 3574 Α

460 3667 673 3678 m
