2452 3862
163 125 206 190 98
457 122 579 180 XLVIII.
597 121 699 178 Ioanni
715 121 887 179 Turritieno

161 291 311 354 accurate
338 286 438 370 petis,
464 290 502 350 ut
529 283 570 348 ad
596 283 667 349 eius
692 283 796 350 filium
817 283 1009 350 liberalibus
1033 287 1191 356 excolen-

165 378 241 443 dum
259 373 439 457 disciplinis
457 374 619 438 conferam
642 372 785 438 studium
804 375 837 437 et
854 372 1047 439 industriam
1065 398 1189 444 meam.

165 462 253 548 quod
279 461 409 546 quidem
432 466 527 527 antea
554 482 627 526 eum
654 465 690 525 et
714 482 810 544 saepe
837 466 870 525 et
893 462 1106 530 uehementer
1128 488 1187 549 pe-

164 554 270 615 terent
284 549 468 616 cardinales
491 549 618 633 aliquot
641 549 764 633 optime
787 549 826 613 de
844 571 896 614 me
914 550 1033 635 meriti,
1055 552 1189 620 inuitus

137 668 149 705 a
164 639 313 723 equidem
331 642 441 706 tamen
459 637 645 724 pemegaui,
657 659 767 722 neque
784 659 861 703 uero
880 638 1010 703 obeam
1024 661 1187 729 caussam,

164 727 239 812 quia
261 727 417 811 priuatim
445 727 572 811 docere,
601 724 793 810 praesertim
819 725 854 790 in
881 725 962 792 urbe
988 727 1110 814 Roma,
1139 731 1189 795 di·

163 816 321 901 gnitatem
352 838 419 881 non
449 814 569 879 habere
596 814 798 879 arbitrantur
826 813 930 879 multi.
977 816 1068 900 quod
1098 819 1184 884 mihi

163 903 293 987 quidem
315 903 445 968 uidetur
467 924 565 969 secus.
612 901 698 986 quod
720 901 808 966 enim
825 902 906 967 scire
928 903 1104 970 honestum
1123 912 1186 991 est,

162 993 195 1055 id
215 1013 271 1057 cur
290 992 403 1057 docere
421 996 518 1075 turpe
532 991 583 1075 sit,
600 1013 667 1056 non
684 989 848 1076 intellig03
867 989 924 1055 sed
941 991 1044 1058 multo
1063 995 1183 1080 magis,

125 1080 240 1164 requie
262 1080 387 1163 publici
410 1079 553 1145 muneris
576 1101 651 1144 cura
673 1078 814 1143 libenter
837 1101 856 1142 a
880 1101 931 1143 me
954 1102 1014 1164 pro
1036 1102 1178 1146 commu-

162 1168 196 1232 ni
229 1168 371 1233 utilitate
403 1171 554 1252 suscepta
589 1165 683 1232 uacui
715 1187 791 1231 sane
818 1167 975 1251 temporis
1003 1167 1179 1234 minimum

162 1256 317 1341 relinquit
335 1261 368 1321 et
395 1256 429 1321 id
456 1256 577 1340 ipsum,
605 1255 692 1339 quod
713 1254 920 1339 relinquitur,
943 1255 1010 1320 iure
1033 1257 1181 1340 quodam

162 1366 228 1411 suo
248 1345 312 1410 sibi
335 1344 502 1431 postulant
529 1347 627 1427 atque
654 1343 790 1429 exigunt
813 1343 920 1412 studia
942 1365 1022 1408 mea
1067 1366 1180 1429 quam-

162 1458 259 1518 quam
286 1434 328 1498 ab
360 1433 412 1498 his
438 1455 489 1497 me
518 1454 614 1516 saepe
641 1431 695 1496 uel
726 1430 890 1496 salutandi
915 1431 1093 1504 necessitas
1125 1434 1180 1498 uel

122 1546 147 1585 15
162 1523 337 1588 amicorum
364 1521 477 1585 auellii
504 1520 732 1604 interpellatio.
782 1519 829 1584 ita
855 1518 1070 1586 traducuntur
1100 1521 1179 1587 dies.

161 1611 309 1694 honeste,
336 1609 474 1693 inquies.
519 1609 631 1673 fateor.
677 1606 758 1672 addo
787 1608 897 1692 etiem,
926 1607 1006 1674 satis
1028 1609 1180 1675 iucunde.

161 1698 337 1763 nonenim
363 1719 415 1762 me
438 1696 680 1782 μισάνθρωπον
703 1696 875 1780 quendam,
903 1696 1133 1762 abhorrentem
1157 1720 1179 1762 a

161 1785 390 1851 consuetudine
408 1783 577 1850 hominum
591 1788 624 1849 et
641 1784 853 1849 humanitatis
871 1788 1038 1868 expertem
1054 1789 1176 1850 natura

160 1874 264 1936 finxit.
309 1876 532 1936 uerumtamen
559 1893 632 1936 cum
654 1872 711 1936 illa
733 1872 797 1936 tibi
819 1894 887 1937 non
914 1873 1024 1960 ignota
1050 1871 1175 1936 studio·

120 1986 146 2024 aa
160 1981 232 2024 rum
253 1963 438 2024 nostrorum
462 1959 622 2025 suauitate
645 1961 850 2045 uoluptatem
870 1960 995 2026 nullam
1011 1981 1175 2044 comparo.

160 2047 246 2132 quod
270 2047 298 2111 si
319 2047 515 2113 nobilissimi
534 2048 744 2114 adolescentis
767 2049 1021 2114 confirmandum
1040 2048 1176 2133 optimis

159 2136 284 2201 artibus
307 2136 476 2224 ingenium
500 2137 708 2222 susciperem,
735 2137 830 2201 ualde
856 2137 937 2202 mihi
965 2136 1175 2223 cogitandum

160 2232 257 2311 esset,
285 2226 363 2310 quid
390 2226 477 2310 patri
501 2227 570 2291 eius
593 2231 626 2290 et
649 2229 779 2310 patruo,
807 2225 886 2309 quid
913 2225 1013 2290 etiam
1034 2225 1088 2289 aui
1110 2248 1177 2290 me·

158 2316 293 2399 moriae,
316 2337 412 2399 quem
435 2314 520 2380 colui
544 2313 789 2400 studiosissime,
819 2312 898 2398 quid
919 2313 1060 2379 familiae
1084 2313 1176 2378 clari-

118 2427 144 2465 15
159 2404 220 2468 tati
239 2403 398 2467 deberem.
435 2424 530 2485 saepe
553 2403 634 2467 mihi
657 2405 838 2467 occurreret
860 2423 931 2467 mea
952 2402 1033 2466 fides
1056 2406 1089 2466 et
1109 2424 1177 2467 sus-

158 2490 246 2572 cepti
273 2489 355 2554 ratio
384 2489 526 2554 muneris
549 2495 582 2555 et
608 2490 776 2555 hominum
804 2512 931 2574 quoque
963 2489 1089 2575 opinio,
1122 2490 1177 2555 cui

158 2575 362 2640 seruiendum
385 2598 453 2640 esse
476 2599 543 2641 non
565 2577 703 2662 ignoras.
751 2600 831 2662 quae
859 2579 1006 2661 profecto
1034 2577 1088 2642 uel
1112 2578 1177 2642 sin-

158 2663 235 2749 gula
258 2664 343 2728 tanti
366 2668 454 2750 sunt,
481 2668 519 2729 ut
542 2665 716 2730 maximam
739 2688 758 2730 a
781 2688 832 2731 me
856 2665 1060 2753 diligentiam
1082 2666 1179 2752 flagi-

157 2756 227 2819 tare
259 2752 443 2837 uideantur,
475 2774 548 2817 cum
579 2753 614 2817 in
645 2754 706 2818 hac
737 2757 788 2819 tot
820 2777 928 2819 rerum
959 2754 1177 2838 occupatione

117 2866 144 2904 ao
157 2863 198 2907 ne
221 2841 415 2907 mediocrem
438 2840 568 2926 quidem
591 2846 754 2927 praestare
777 2842 909 2925 possim.
945 2841 1049 2906 Filius
1070 2864 1178 2927 meus,

157 2930 208 2996 eui
240 2934 274 2995 te
311 2931 393 2996 bene
426 2929 562 2995 ominari
600 2931 739 3016 gaudeo,
770 2951 842 2994 mea
877 2951 957 2994 uoce
993 2929 1071 3014 iam,
1109 2953 1178 3014 qua

156 3019 302 3101 quotidie
324 3021 391 3085 fere
415 3041 508 3084 aures
532 3018 601 3084 eius
623 3023 719 3084 antea
741 3019 969 3102 personabant,
992 3016 1027 3081 in
1050 3017 1177 3083 discen-

156 3107 196 3168 do
219 3127 286 3170 non
309 3108 421 3172 utitur.
466 3107 513 3172 sic
540 3107 627 3171 enim
653 3107 688 3171 in
713 3110 851 3191 utraque
879 3108 1026 3172 uersatur
1049 3104 1177 3192 lingua,

154 3196 193 3255 ut
220 3214 278 3256 suo
306 3193 371 3258 iam
397 3194 504 3260 studio
532 3195 652 3279 potius,
679 3216 776 3278 quam
802 3198 914 3260 nostra
945 3191 1095 3278 proficiat
1126 3195 1177 3258 in-

115 3302 142 3345 as
157 3279 287 3345 dustria.
333 3281 437 3358 Quare
460 3281 559 3347 uelim
586 3305 623 3348 eo
646 3287 680 3348 te
703 3304 772 3347 esse
794 3283 865 3349 loco
888 3283 1001 3368 fingas,
1024 3303 1088 3365 quo
1109 3304 1177 3368 ego

156 3392 235 3454 sum,
259 3373 300 3452 et,
323 3369 351 3433 si
372 3391 432 3433 nec
455 3369 554 3434 officii
576 3393 628 3435 me
647 3374 744 3454 putas
767 3371 916 3457 ignarum
939 3391 1008 3435 esse
1030 3391 1090 3434 nec
1115 3371 1177 3435 ob-

154 3463 250 3544 stare,
278 3457 449 3543 quominus
477 3458 583 3523 officio
607 3458 815 3545 satisfaciam,
842 3460 1045 3525 uoluntatem
1068 3458 1175 3526 uides.
