2452 3862
577 842 600 908 I.

249 983 346 1048 Vido
374 984 512 1070 Lolgio
540 983 778 1049 Placentiam
806 993 922 1062 (II‚28).

169 1123 273 1178 Paulus
288 1123 441 1191 Manutius,
460 1139 524 1177 cum
542 1121 645 1177 nimius
665 1125 740 1178 esset
758 1123 789 1177 in
806 1122 967 1178 litterarum
981 1124 1092 1195 studiis,

80 1194 246 1248 adulescens
261 1193 455 1264 septendecim
469 1210 605 1248 annorum
623 1193 654 1247 in
671 1210 789 1263 grauem
802 1197 930 1249 morbum
943 1194 1091 1264 inciderat,

83 1281 138 1331 quo
157 1281 208 1334 per
226 1264 370 1320 biennium
389 1264 567 1319 conflictatus
590 1268 635 1320 est
657 1265 734 1334 (uide
753 1281 796 1333 ep.
810 1265 893 1334 ΧΙΠ).
931 1265 1009 1320 ouius
1027 1267 1092 1320 reli-
1119 1289 1134 1327 5

81 1334 162 1401 quias
181 1338 214 1388 ut
232 1352 344 1404 prorsus
367 1335 535 1403 depelleret,
557 1334 594 1388 ad
613 1350 702 1402 aquas
721 1335 859 1388 Lucenses
878 1337 1021 1404 profectus
1040 1339 1092 1391 est.

169 1441 283 1506 Paullo
313 1446 388 1506 ante
422 1441 569 1505 dederam
602 1441 642 1504 ad
673 1445 707 1505 te
738 1440 878 1526 litteras,
910 1465 989 1527 quas
1021 1467 1093 1509 con-

80 1529 203 1594 iectura
233 1529 356 1594 dierum
386 1529 544 1614 putabam
571 1528 633 1593 tibi
661 1529 727 1594 iam
754 1552 822 1594 esse
849 1531 1003 1596 redditas:
1032 1533 1093 1597 hae

78 1639 164 1681 nunc
201 1618 320 1682 alterae
354 1622 596 1702 consequentur.
653 1618 767 1702 scripsi
804 1622 836 1683 te
871 1620 1005 1684 absente
1041 1645 1092 1687 me

78 1728 201 1770 cessare
232 1706 266 1770 in
295 1707 413 1771 litteris
444 1710 477 1771 et
504 1707 634 1771 omnino
655 1711 752 1772 'tuam
779 1730 912 1791 operam
939 1713 1091 1794 tuamque
1107 1739 1134 1778 ιο

77 1794 167 1858 illam
190 1795 224 1859 in
247 1795 327 1860 meis
350 1795 448 1859 rebus
476 1795 744 1860 officiosissimam
772 1796 975 1861 sedulitatem
998 1800 1092 1863 uehe-

79 1887 203 1948 menter
226 1883 401 1968 requirere3
429 1883 485 1947 sed
507 1906 615 1948 meum
638 1884 807 1949 consilium
831 1908 912 1968 esse,
941 1889 973 1949 te
996 1887 1092 1952 istinc

77 1993 118 2034 ne
142 1972 233 2054 prius
257 1993 488 2056 commoneres,
515 1994 612 2056 quam
641 1995 701 2058 ego
725 1973 845 2037 alicubi
869 1974 1091 2040 consedissem.

78 2059 112 2122 id
136 2081 196 2144 ego
220 2059 370 2123 uolebam
394 2059 515 2123 scilicet
539 2061 674 2144 inuituS,
701 2061 757 2143 qui
783 2066 815 2124 te
839 2062 960 2126 socium
984 2067 1016 2127 et
1002 2063 1092 2127 t-ad

78 2145 263 2210 ministrum
293 2168 482 2210 meorums
467 2146 647 2211 studiorum
679 2169 802 2211 summe
834 2149 987 2214 desidero.
1036 2151 1092 2214 sed
1107 2179 1132 2218 ιι

77 2235 229 2299 uolebam
259 2238 411 2298 tament
412 2234 445 2297 ui
476 2234 634 2298 commodi
665 2256 788 2299 caussa:
821 2235 975 2321 primum,
1005 2239 1091 2320 quod

77 2323 160 2387 hanc
184 2323 382 2407 equitandi
373 2327 457 2387 iacta
458 2322 589 2406 tionem,
612 2345 694 2406 quae
717 2345 768 2387 me
792 2323 921 2407 quidem
945 2324 1082 2390 delectat

76 2411 227 2495 tibi,ctci1
220 2412 374 2495 cupido,
395 2411 585 2563 suspicabar
602 2435 668 2476 non
686 2412 826 2496 placere3
850 2412 972 2497 deinde,
996 2415 1090 2501 quod,

76 2500 104 2563 si
129 2500 373 2584 accidisset,t
336 2505 373 2563 ut
400 2500 443 2564 ist
445 2523 479 2564 as
504 2500 653 2586 regiones
681 2505 877 2586 peteremus,
906 2503 991 2586 quod
1015 2510 1090 2587 post

77 2587 194 2651 balnea
216 2589 281 2652 fact
267 2588 334 2653 turi
356 2588 557 2671 videbamur,
587 2589 810 2690 intelligebam
833 2590 915 2675 fore,
943 2595 979 2654 ut
965 2592 1089 2656 tadire
1104 2621 1132 2660 ao

77 2676 276 2740 commodius
295 2676 404 2740 adme
423 2699 534 2760 posses
553 2676 602 2741 int
588 2676 724 2741 teruallo
743 2678 874 2742 minore.
904 2642 989 2743 irunc
1008 2680 1090 2764 audi,

77 2786 135 2828 cur
162 2764 355 2828 sententiam
381 2764 582 2829 mutauerim.
629 2764 788 2830 Cardinali
815 2770 940 2850 nostro,
968 2767 1019 2831 cui
1044 2769 1090 2831 ni·

78 2853 180 2915 mium
204 2874 299 2935 saepe
323 2852 464 2917 calculus
491 2854 645 2918 molestus
673 2857 736 2937 est,
765 2854 877 2918 multis
904 2855 969 2917 iam
991 2877 1089 2919 reme-

78 2939 139 3003 diis
163 2942 283 3005 frustra
306 2941 439 3005 tentatis
466 2941 614 3006 accedere
636 2963 722 3005 nunc
745 2943 906 3025 adaquas
929 2942 1089 3008 Lucenses

78 3028 272 3093 ualetudinis
300 3051 412 3093 caussa
444 3029 657 3094 deliberatum
684 3034 745 3112 est,
778 3052 913 3114 nosque,
948 3035 984 3095 ut
1017 3033 1087 3116 scis,
1103 3060 1130 3100 ss

77 3117 163 3180 idem
186 3117 373 3203 cogitamus.
415 3117 455 3181 iis
478 3118 570 3201 aquis
594 3119 649 3202 qui
672 3117 720 3182 uti
744 3119 871 3203 uolunt,
894 3119 927 3182 id
949 3121 1088 3184 maxime

79 3209 241 3288 spectant,
271 3210 308 3270 ut
338 3205 421 3270 sicco
452 3209 598 3289 tempore
628 3210 768 3271 utantur.
814 3208 892 3271 haec
920 3212 968 3271 est
996 3208 1088 3292 quasi

78 3331 290 3338 ——-———-—-.

167 3384 201 3432 27
222 3378 303 3433 ‘haec
327 3383 370 3433 est
392 3378 474 3447 quasi
500 3379 649 3434 methodus
677 3381 838 3448 quaedam’.
876 3383 942 3434 ante
966 3378 1089 3434 1573111

77 3447 255 3527 editionibus
271 3449 386 3518 legebat
387 3466 433 3503 ur.
452 3450 499 3504 hic
518 3451 562 3503 est
580 3449 662 3518 quasi
680 3450 829 3507 methodus
848 3450 971 3520 quidam.

132 3545 156 3586 P
170 3521 271 3588 Munatii
284 3547 397 3596 epistulae
411 3547 516 3589 selectas.
860 3545 874 3592 1
