<?xml version="1.0" encoding="UTF-8"?>
<!DOCTYPE html PUBLIC "-//W3C//DTD XHTML 1.0 Transitional//EN"
    "http://www.w3.org/TR/xhtml1/DTD/xhtml1-transitional.dtd">
<html xmlns="http://www.w3.org/1999/xhtml" xml:lang="en" lang="en">
 <head>
  <title>
</title>
<meta http-equiv="Content-Type" content="text/html;charset=utf-8" />
  <meta name='ocr-system' content='tesseract 3.04.00' />
  <meta name='ocr-capabilities' content='ocr_page ocr_carea ocr_par ocr_line ocrx_word'/>
</head>
<body>
  <div class='ocr_page' id='page_1' title='image "./paulimanutiiepi01fickgoog_0083.png"; bbox 0 0 2452 3862; ppageno 0'>
   <div class='ocr_carea' id='block_1_1' title="bbox 155 107 949 179">
    <p class='ocr_par' dir='ltr' id='par_1_1' title="bbox 155 107 949 179">
     <span class='ocr_line' id='line_1_1' title="bbox 155 107 949 179; baseline -0.001 -14"><span class='ocrx_word' id='word_1_1' title='bbox 155 114 199 179; x_wconf 71' lang='lat'><strong>70</strong></span> <span class='ocrx_word' id='word_1_2' title='bbox 374 110 498 167; x_wconf 85' lang='lat' dir='ltr'>XXXIII.</span> <span class='ocrx_word' id='word_1_3' title='bbox 520 110 565 164; x_wconf 89' lang='lat' dir='ltr'><strong>Ad</strong></span> <span class='ocrx_word' id='word_1_4' title='bbox 583 108 751 165; x_wconf 79' lang='lat' dir='ltr'><strong>Michaelcm</strong></span> <span class='ocrx_word' id='word_1_5' title='bbox 770 107 949 166; x_wconf 81' lang='lat' dir='ltr'><strong>Ghislerium.</strong></span> 
     </span>
    </p>
   </div>
   <div class='ocr_carea' id='block_1_2' title="bbox 115 269 1181 3362">
    <p class='ocr_par' dir='ltr' id='par_1_2' title="bbox 115 269 1181 3362">
     <span class='ocr_line' id='line_1_2' title="bbox 155 269 1181 356; baseline -0.003 -15"><span class='ocrx_word' id='word_1_6' title='bbox 155 276 297 340; x_wconf 78' lang='lat' dir='ltr'><strong>illustres</strong></span> <span class='ocrx_word' id='word_1_7' title='bbox 324 271 410 337; x_wconf 89' lang='lat' dir='ltr'><strong>libri.</strong></span> <span class='ocrx_word' id='word_1_8' title='bbox 456 276 489 336; x_wconf 87' lang='lat' dir='ltr'><strong>et</strong></span> <span class='ocrx_word' id='word_1_9' title='bbox 516 272 661 355; x_wconf 79' lang='lat' dir='ltr'>interim,</span> <span class='ocrx_word' id='word_1_10' title='bbox 693 271 785 356; x_wconf 84' lang='lat' dir='ltr'><strong>quasi</strong></span> <span class='ocrx_word' id='word_1_11' title='bbox 813 269 978 355; x_wconf 79' lang='lat' dir='ltr'><strong>specimen</strong></span> <span class='ocrx_word' id='word_1_12' title='bbox 1011 272 1181 356; x_wconf 83' lang='lat' dir='ltr'><strong>quoddam</strong></span> 
     </span>
     <span class='ocr_line' id='line_1_3' title="bbox 155 358 1180 447; baseline 0 -19"><span class='ocrx_word' id='word_1_13' title='bbox 155 368 212 428; x_wconf 88' lang='lat' dir='ltr'><strong>aut</strong></span> <span class='ocrx_word' id='word_1_14' title='bbox 245 361 365 447; x_wconf 81' lang='lat' dir='ltr'><strong>pignus</strong></span> <span class='ocrx_word' id='word_1_15' title='bbox 393 364 523 426; x_wconf 89' lang='lat' dir='ltr'><strong>nostrae</strong></span> <span class='ocrx_word' id='word_1_16' title='bbox 555 359 748 443; x_wconf 88' lang='lat' dir='ltr'><strong>uoluntatis,</strong></span> <span class='ocrx_word' id='word_1_17' title='bbox 780 358 911 445; x_wconf 83' lang='lat' dir='ltr'><strong>egregia</strong></span> <span class='ocrx_word' id='word_1_18' title='bbox 944 360 1108 444; x_wconf 84' lang='lat' dir='ltr'><strong>quaedam</strong></span> <span class='ocrx_word' id='word_1_19' title='bbox 1142 364 1180 428; x_wconf 93' lang='lat' dir='ltr'><strong>de</strong></span> 
     </span>
     <span class='ocr_line' id='line_1_4' title="bbox 154 447 1179 533; baseline 0.002 -18"><span class='ocrx_word' id='word_1_20' title='bbox 154 449 317 516; x_wconf 89' lang='lat' dir='ltr'><strong>locutione</strong></span> <span class='ocrx_word' id='word_1_21' title='bbox 341 449 403 514; x_wconf 90' lang='lat' dir='ltr'><strong>Dei</strong></span> <span class='ocrx_word' id='word_1_22' title='bbox 427 450 468 514; x_wconf 90' lang='lat' dir='ltr'><strong>ab</strong></span> <span class='ocrx_word' id='word_1_23' title='bbox 494 448 664 514; x_wconf 77' lang='lat' dir='ltr'><strong>excellenti</strong></span> <span class='ocrx_word' id='word_1_24' title='bbox 692 448 763 514; x_wconf 92' lang='lat' dir='ltr'><strong>uiro</strong></span> <span class='ocrx_word' id='word_1_25' title='bbox 787 447 969 532; x_wconf 88' lang='lat' dir='ltr'><strong>conscripta</strong></span> <span class='ocrx_word' id='word_1_26' title='bbox 997 448 1067 533; x_wconf 92' lang='lat' dir='ltr'><strong>piis</strong></span> <span class='ocrx_word' id='word_1_27' title='bbox 1090 474 1179 516; x_wconf 90' lang='lat' dir='ltr'><strong>men-</strong></span> 
     </span>
     <span class='ocr_line' id='line_1_5' title="bbox 155 535 1180 622; baseline 0.003 -19"><span class='ocrx_word' id='word_1_28' title='bbox 155 538 246 604; x_wconf 82' lang='lat' dir='ltr'><strong>tibus</strong></span> <span class='ocrx_word' id='word_1_29' title='bbox 273 559 309 602; x_wconf 91' lang='lat' dir='ltr'><strong>ac</strong></span> <span class='ocrx_word' id='word_1_30' title='bbox 332 553 495 602; x_wconf 87' lang='lat' dir='ltr'><strong>sacrarum</strong></span> <span class='ocrx_word' id='word_1_31' title='bbox 521 536 712 622; x_wconf 91' lang='lat' dir='ltr'><strong>litterarum,</strong></span> <span class='ocrx_word' id='word_1_32' title='bbox 735 536 819 601; x_wconf 91' lang='lat' dir='ltr'><strong>idest</strong></span> <span class='ocrx_word' id='word_1_33' title='bbox 841 556 935 600; x_wconf 90' lang='lat' dir='ltr'><strong>uerae</strong></span> <span class='ocrx_word' id='word_1_34' title='bbox 959 535 1088 622; x_wconf 85' lang='lat' dir='ltr'><strong>gloriae</strong></span> <span class='ocrx_word' id='word_1_35' title='bbox 1114 544 1180 606; x_wconf 87' lang='lat' dir='ltr'><strong>stu·</strong></span> 
     </span>
     <span class='ocr_line' id='line_1_6' title="bbox 128 625 1178 710; baseline 0.005 -20"><span class='ocrx_word' id='word_1_36' title='bbox 128 626 254 691; x_wconf 70' lang='lat' dir='ltr'><strong>odiosis</strong></span> <span class='ocrx_word' id='word_1_37' title='bbox 269 626 568 692; x_wconf 90' lang='lat' dir='ltr'><strong>communicandum</strong></span> <span class='ocrx_word' id='word_1_38' title='bbox 582 625 772 690; x_wconf 92' lang='lat' dir='ltr'><strong>censuimus.</strong></span> <span class='ocrx_word' id='word_1_39' title='bbox 797 646 878 710; x_wconf 87' lang='lat' dir='ltr'><strong>quae</strong></span> <span class='ocrx_word' id='word_1_40' title='bbox 892 625 1019 690; x_wconf 88' lang='lat' dir='ltr'><strong>duabus</strong></span> <span class='ocrx_word' id='word_1_41' title='bbox 1034 628 1178 694; x_wconf 90' lang='lat' dir='ltr'><strong>maxime</strong></span> 
     </span>
     <span class='ocr_line' id='line_1_7' title="bbox 155 712 1179 802; baseline 0.004 -23"><span class='ocrx_word' id='word_1_42' title='bbox 155 716 194 779; x_wconf 93' lang='lat' dir='ltr'><strong>de</strong></span> <span class='ocrx_word' id='word_1_43' title='bbox 217 715 348 802; x_wconf 82' lang='lat' dir='ltr'><strong>caussis,</strong></span> <span class='ocrx_word' id='word_1_44' title='bbox 370 714 646 798; x_wconf 81' lang='lat' dir='ltr'><strong>praestantissime</strong></span> <span class='ocrx_word' id='word_1_45' title='bbox 669 713 729 799; x_wconf 91' lang='lat' dir='ltr'><strong>uir,</strong></span> <span class='ocrx_word' id='word_1_46' title='bbox 752 717 809 778; x_wconf 90' lang='lat' dir='ltr'><strong>tuo</strong></span> <span class='ocrx_word' id='word_1_47' title='bbox 827 712 957 778; x_wconf 89' lang='lat' dir='ltr'><strong>nomine</strong></span> <span class='ocrx_word' id='word_1_48' title='bbox 976 713 1089 781; x_wconf 87' lang='lat' dir='ltr'><strong>decuit</strong></span> <span class='ocrx_word' id='word_1_49' title='bbox 1110 736 1179 783; x_wconf 87' lang='lat' dir='ltr'><strong>esse</strong></span> 
     </span>
     <span class='ocr_line' id='line_1_8' title="bbox 155 800 1178 889; baseline 0.003 -21"><span class='ocrx_word' id='word_1_50' title='bbox 155 803 324 888; x_wconf 89' lang='lat' dir='ltr'><strong>inscripta:</strong></span> <span class='ocrx_word' id='word_1_51' title='bbox 356 803 512 889; x_wconf 92' lang='lat' dir='ltr'><strong>primum,</strong></span> <span class='ocrx_word' id='word_1_52' title='bbox 539 802 625 887; x_wconf 94' lang='lat' dir='ltr'><strong>quod</strong></span> <span class='ocrx_word' id='word_1_53' title='bbox 654 805 804 886; x_wconf 78' lang='lat' dir='ltr'><strong>suscepto</strong></span> <span class='ocrx_word' id='word_1_54' title='bbox 827 800 1019 867; x_wconf 83' lang='lat' dir='ltr'><strong>Academiae</strong></span> <span class='ocrx_word' id='word_1_55' title='bbox 1043 810 1178 884; x_wconf 82' lang='lat' dir='ltr'><strong>nostrae</strong></span> 
     </span>
     <span class='ocr_line' id='line_1_9' title="bbox 154 890 1179 977; baseline 0.004 -21"><span class='ocrx_word' id='word_1_56' title='bbox 154 892 332 976; x_wconf 88' lang='lat' dir='ltr'><strong>patrocinio</strong></span> <span class='ocrx_word' id='word_1_57' title='bbox 355 891 439 956; x_wconf 90' lang='lat' dir='ltr'><strong>nihil</strong></span> <span class='ocrx_word' id='word_1_58' title='bbox 462 890 706 977; x_wconf 74' lang='lat' dir='ltr'><strong>praetermittiS,</strong></span> <span class='ocrx_word' id='word_1_59' title='bbox 735 890 821 974; x_wconf 93' lang='lat' dir='ltr'><strong>quod</strong></span> <span class='ocrx_word' id='word_1_60' title='bbox 840 890 880 954; x_wconf 93' lang='lat' dir='ltr'><strong>ad</strong></span> <span class='ocrx_word' id='word_1_61' title='bbox 903 912 973 954; x_wconf 88' lang='lat' dir='ltr'><strong>eam</strong></span> <span class='ocrx_word' id='word_1_62' title='bbox 997 893 1179 960; x_wconf 84' lang='lat' dir='ltr'><strong>ornandam</strong></span> 
     </span>
     <span class='ocr_line' id='line_1_10' title="bbox 155 979 1181 1066; baseline 0.003 -22"><span class='ocrx_word' id='word_1_63' title='bbox 155 979 397 1066; x_wconf 86' lang='lat' dir='ltr'><strong>augendamque</strong></span> <span class='ocrx_word' id='word_1_64' title='bbox 420 980 591 1064; x_wconf 85' lang='lat' dir='ltr'><strong>pertineat,</strong></span> <span class='ocrx_word' id='word_1_65' title='bbox 615 983 648 1043; x_wconf 88' lang='lat' dir='ltr'><strong>et</strong></span> <span class='ocrx_word' id='word_1_66' title='bbox 669 1000 742 1063; x_wconf 79' lang='lat' dir='ltr'><strong>noa,</strong></span> <span class='ocrx_word' id='word_1_67' title='bbox 766 1000 847 1062; x_wconf 90' lang='lat' dir='ltr'><strong>quae</strong></span> <span class='ocrx_word' id='word_1_68' title='bbox 870 1000 889 1041; x_wconf 91' lang='lat' dir='ltr'><strong>a</strong></span> <span class='ocrx_word' id='word_1_69' title='bbox 912 982 944 1042; x_wconf 91' lang='lat' dir='ltr'><strong>te</strong></span> <span class='ocrx_word' id='word_1_70' title='bbox 969 980 1079 1044; x_wconf 86' lang='lat' dir='ltr'><strong>officia</strong></span> <span class='ocrx_word' id='word_1_71' title='bbox 1101 1005 1181 1066; x_wconf 91' lang='lat' dir='ltr'><strong>pro-</strong></span> 
     </span>
     <span class='ocr_line' id='line_1_11' title="bbox 115 1066 1178 1156; baseline 0.007 -28"><span class='ocrx_word' id='word_1_72' title='bbox 115 1091 141 1131; x_wconf 86' lang='grc'><strong>11</strong></span> <span class='ocrx_word' id='word_1_73' title='bbox 155 1069 350 1152; x_wconf 86' lang='lat' dir='ltr'><strong>ficiscuntur,</strong></span> <span class='ocrx_word' id='word_1_74' title='bbox 366 1068 485 1152; x_wconf 92' lang='lat' dir='ltr'><strong>quibus</strong></span> <span class='ocrx_word' id='word_1_75' title='bbox 499 1067 624 1154; x_wconf 91' lang='lat' dir='ltr'><strong>animis,</strong></span> <span class='ocrx_word' id='word_1_76' title='bbox 639 1088 734 1152; x_wconf 90' lang='lat' dir='ltr'><strong>quam</strong></span> <span class='ocrx_word' id='word_1_77' title='bbox 748 1066 938 1150; x_wconf 63' lang='lat' dir='ltr'><strong>libentibus</strong></span> <span class='ocrx_word' id='word_1_78' title='bbox 957 1089 1057 1150; x_wconf 87' lang='lat' dir='ltr'><strong>quarn</strong></span> <span class='ocrx_word' id='word_1_79' title='bbox 1071 1072 1178 1156; x_wconf 86' lang='lat' dir='ltr'><strong>gratis</strong></span> 
     </span>
     <span class='ocr_line' id='line_1_12' title="bbox 156 1155 1178 1242; baseline 0.002 -20"><span class='ocrx_word' id='word_1_80' title='bbox 156 1157 369 1242; x_wconf 84' lang='lat' dir='ltr'><strong>excipiamus,</strong></span> <span class='ocrx_word' id='word_1_81' title='bbox 401 1155 509 1240; x_wconf 91' lang='lat' dir='ltr'><strong>aliquo</strong></span> <span class='ocrx_word' id='word_1_82' title='bbox 542 1156 621 1220; x_wconf 93' lang='lat' dir='ltr'><strong>item</strong></span> <span class='ocrx_word' id='word_1_83' title='bbox 653 1155 761 1221; x_wconf 89' lang='lat' dir='ltr'><strong>officio</strong></span> <span class='ocrx_word' id='word_1_84' title='bbox 794 1177 867 1220; x_wconf 93' lang='lat' dir='ltr'><strong>cum</strong></span> <span class='ocrx_word' id='word_1_85' title='bbox 899 1155 963 1238; x_wconf 93' lang='lat' dir='ltr'><strong>ipsi</strong></span> <span class='ocrx_word' id='word_1_86' title='bbox 995 1156 1077 1242; x_wconf 89' lang='lat' dir='ltr'><strong>tibi,</strong></span> <span class='ocrx_word' id='word_1_87' title='bbox 1104 1163 1178 1224; x_wconf 90' lang='lat' dir='ltr'><strong>tum</strong></span> 
     </span>
     <span class='ocr_line' id='line_1_13' title="bbox 156 1243 1180 1328; baseline 0.001 -17"><span class='ocrx_word' id='word_1_88' title='bbox 156 1246 272 1311; x_wconf 88' lang='lat' dir='ltr'><strong>ceteris</strong></span> <span class='ocrx_word' id='word_1_89' title='bbox 290 1244 441 1310; x_wconf 89' lang='lat' dir='ltr'><strong>omnibus</strong></span> <span class='ocrx_word' id='word_1_90' title='bbox 459 1244 635 1312; x_wconf 90' lang='lat' dir='ltr'><strong>indicatum</strong></span> <span class='ocrx_word' id='word_1_91' title='bbox 652 1244 856 1328; x_wconf 86' lang='lat' dir='ltr'><strong>maximeque</strong></span> <span class='ocrx_word' id='word_1_92' title='bbox 875 1243 1088 1328; x_wconf 89' lang='lat' dir='ltr'><strong>perspicuum</strong></span> <span class='ocrx_word' id='word_1_93' title='bbox 1107 1269 1180 1312; x_wconf 91' lang='lat' dir='ltr'><strong>esse</strong></span> 
     </span>
     <span class='ocr_line' id='line_1_14' title="bbox 156 1331 1178 1420; baseline 0 -20"><span class='ocrx_word' id='word_1_94' title='bbox 156 1336 317 1419; x_wconf 89' lang='lat' dir='ltr'><strong>cupimus;</strong></span> <span class='ocrx_word' id='word_1_95' title='bbox 349 1334 479 1417; x_wconf 90' lang='lat' dir='ltr'><strong>deinde,</strong></span> <span class='ocrx_word' id='word_1_96' title='bbox 511 1354 592 1419; x_wconf 92' lang='lat' dir='ltr'><strong>quae</strong></span> <span class='ocrx_word' id='word_1_97' title='bbox 621 1331 659 1396; x_wconf 93' lang='lat' dir='ltr'><strong>de</strong></span> <span class='ocrx_word' id='word_1_98' title='bbox 686 1332 756 1397; x_wconf 90' lang='lat' dir='ltr'><strong>Deo</strong></span> <span class='ocrx_word' id='word_1_99' title='bbox 784 1332 976 1420; x_wconf 88' lang='lat' dir='ltr'><strong>loquuntur,</strong></span> <span class='ocrx_word' id='word_1_100' title='bbox 1008 1332 1052 1398; x_wconf 88' lang='lat' dir='ltr'><strong>ad</strong></span> <span class='ocrx_word' id='word_1_101' title='bbox 1079 1356 1178 1418; x_wconf 91' lang='lat' dir='ltr'><strong>quem</strong></span> 
     </span>
     <span class='ocr_line' id='line_1_15' title="bbox 123 1420 1177 1508; baseline -0.001 -20"><span class='ocrx_word' id='word_1_102' title='bbox 123 1487 129 1498; x_wconf 79' lang='grc'>,</span> <span class='ocrx_word' id='word_1_103' title='bbox 156 1425 267 1508; x_wconf 87' lang='lat' dir='ltr'><strong>potius</strong></span> <span class='ocrx_word' id='word_1_104' title='bbox 295 1422 382 1487; x_wconf 89' lang='lat' dir='ltr'><strong>mitti</strong></span> <span class='ocrx_word' id='word_1_105' title='bbox 410 1443 549 1506; x_wconf 91' lang='lat' dir='ltr'><strong>aequum</strong></span> <span class='ocrx_word' id='word_1_106' title='bbox 577 1421 652 1508; x_wconf 87' lang='lat' dir='ltr'><strong>fuit,</strong></span> <span class='ocrx_word' id='word_1_107' title='bbox 681 1442 777 1505; x_wconf 92' lang='lat' dir='ltr'><strong>quam</strong></span> <span class='ocrx_word' id='word_1_108' title='bbox 800 1421 950 1506; x_wconf 89' lang='lat' dir='ltr'><strong>adeum,</strong></span> <span class='ocrx_word' id='word_1_109' title='bbox 982 1420 1040 1505; x_wconf 92' lang='lat' dir='ltr'><strong>qui</strong></span> <span class='ocrx_word' id='word_1_110' title='bbox 1065 1422 1177 1488; x_wconf 84' lang='lat' dir='ltr'><strong>diuina</strong></span> 
     </span>
     <span class='ocr_line' id='line_1_16' title="bbox 117 1509 1179 1594; baseline 0.005 -23"><span class='ocrx_word' id='word_1_111' title='bbox 117 1531 143 1572; x_wconf 80' lang='lat' dir='ltr'><strong>rs</strong></span> <span class='ocrx_word' id='word_1_112' title='bbox 157 1512 263 1577; x_wconf 90' lang='lat' dir='ltr'><strong>studia</strong></span> <span class='ocrx_word' id='word_1_113' title='bbox 285 1511 320 1574; x_wconf 92' lang='lat' dir='ltr'><strong>in</strong></span> <span class='ocrx_word' id='word_1_114' title='bbox 348 1511 435 1576; x_wconf 91' lang='lat' dir='ltr'><strong>omni</strong></span> <span class='ocrx_word' id='word_1_115' title='bbox 459 1533 534 1575; x_wconf 90' lang='lat' dir='ltr'><strong>suae</strong></span> <span class='ocrx_word' id='word_1_116' title='bbox 561 1509 648 1574; x_wconf 90' lang='lat' dir='ltr'><strong>uitae</strong></span> <span class='ocrx_word' id='word_1_117' title='bbox 671 1530 766 1574; x_wconf 91' lang='lat' dir='ltr'><strong>cursu</strong></span> <span class='ocrx_word' id='word_1_118' title='bbox 794 1509 917 1574; x_wconf 88' lang='lat' dir='ltr'><strong>cunctis</strong></span> <span class='ocrx_word' id='word_1_119' title='bbox 941 1513 973 1573; x_wconf 91' lang='lat' dir='ltr'><strong>et</strong></span> <span class='ocrx_word' id='word_1_120' title='bbox 997 1510 1123 1594; x_wconf 89' lang='lat' dir='ltr'><strong>opibus</strong></span> <span class='ocrx_word' id='word_1_121' title='bbox 1145 1515 1179 1576; x_wconf 90' lang='lat' dir='ltr'><strong>et</strong></span> 
     </span>
     <span class='ocr_line' id='line_1_17' title="bbox 157 1597 1179 1681; baseline 0 -16"><span class='ocrx_word' id='word_1_122' title='bbox 157 1599 336 1665; x_wconf 89' lang='lat' dir='ltr'><strong>honoribus</strong></span> <span class='ocrx_word' id='word_1_123' title='bbox 368 1598 576 1681; x_wconf 76' lang='lat' dir='ltr'><strong>anteposuit?</strong></span> <span class='ocrx_word' id='word_1_124' title='bbox 626 1597 683 1681; x_wconf 91' lang='lat' dir='ltr'><strong>qui</strong></span> <span class='ocrx_word' id='word_1_125' title='bbox 715 1619 788 1662; x_wconf 91' lang='lat' dir='ltr'><strong>cum</strong></span> <span class='ocrx_word' id='word_1_126' title='bbox 820 1597 1004 1662; x_wconf 89' lang='lat' dir='ltr'><strong>uniuersam</strong></span> <span class='ocrx_word' id='word_1_127' title='bbox 1037 1599 1078 1663; x_wconf 91' lang='lat' dir='ltr'><strong>de</strong></span> <span class='ocrx_word' id='word_1_128' title='bbox 1105 1601 1179 1665; x_wconf 88' lang='lat' dir='ltr'><strong>Deo</strong></span> 
     </span>
     <span class='ocr_line' id='line_1_18' title="bbox 158 1685 1178 1774; baseline 0.001 -22"><span class='ocrx_word' id='word_1_129' title='bbox 158 1687 340 1770; x_wconf 87' lang='lat' dir='ltr'><strong>diuinisque</strong></span> <span class='ocrx_word' id='word_1_130' title='bbox 372 1687 471 1750; x_wconf 88' lang='lat' dir='ltr'><strong>rebus</strong></span> <span class='ocrx_word' id='word_1_131' title='bbox 511 1685 689 1750; x_wconf 86' lang='lat' dir='ltr'><strong>doctrinam</strong></span> <span class='ocrx_word' id='word_1_132' title='bbox 727 1685 964 1751; x_wconf 85' lang='lat' dir='ltr'><strong>accuratissime</strong></span> <span class='ocrx_word' id='word_1_133' title='bbox 1003 1687 1178 1774; x_wconf 91' lang='lat' dir='ltr'><strong>quaesiuit,</strong></span> 
     </span>
     <span class='ocr_line' id='line_1_19' title="bbox 156 1772 1181 1856; baseline 0.004 -18"><span class='ocrx_word' id='word_1_134' title='bbox 156 1779 227 1838; x_wconf 91' lang='lat' dir='ltr'><strong>tum</strong></span> <span class='ocrx_word' id='word_1_135' title='bbox 250 1794 327 1837; x_wconf 91' lang='lat' dir='ltr'><strong>uero</strong></span> <span class='ocrx_word' id='word_1_136' title='bbox 352 1794 424 1836; x_wconf 93' lang='lat' dir='ltr'><strong>cum</strong></span> <span class='ocrx_word' id='word_1_137' title='bbox 447 1772 519 1856; x_wconf 90' lang='lat' dir='ltr'><strong>ipsa</strong></span> <span class='ocrx_word' id='word_1_138' title='bbox 543 1772 689 1837; x_wconf 90' lang='lat' dir='ltr'><strong>doctrina</strong></span> <span class='ocrx_word' id='word_1_139' title='bbox 707 1775 794 1839; x_wconf 89' lang='lat' dir='ltr'><strong>uitae</strong></span> <span class='ocrx_word' id='word_1_140' title='bbox 823 1773 982 1839; x_wconf 88' lang='lat' dir='ltr'><strong>rationem</strong></span> <span class='ocrx_word' id='word_1_141' title='bbox 1005 1775 1181 1842; x_wconf 88' lang='lat' dir='ltr'><strong>coniunxit</strong></span> 
     </span>
     <span class='ocr_line' id='line_1_20' title="bbox 157 1861 1179 1949; baseline 0.002 -23"><span class='ocrx_word' id='word_1_142' title='bbox 157 1865 198 1944; x_wconf 89' lang='lat' dir='ltr'><strong>et,</strong></span> <span class='ocrx_word' id='word_1_143' title='bbox 221 1865 258 1925; x_wconf 93' lang='lat' dir='ltr'><strong>ut</strong></span> <span class='ocrx_word' id='word_1_144' title='bbox 282 1882 392 1924; x_wconf 92' lang='lat' dir='ltr'><strong>omnes</strong></span> <span class='ocrx_word' id='word_1_145' title='bbox 415 1865 537 1924; x_wconf 89' lang='lat' dir='ltr'><strong>rectam</strong></span> <span class='ocrx_word' id='word_1_146' title='bbox 560 1861 797 1946; x_wconf 90' lang='lat' dir='ltr'><strong>salutaremque</strong></span> <span class='ocrx_word' id='word_1_147' title='bbox 826 1862 913 1927; x_wconf 89' lang='lat' dir='ltr'><strong>uiam</strong></span> <span class='ocrx_word' id='word_1_148' title='bbox 935 1866 1083 1928; x_wconf 90' lang='lat' dir='ltr'><strong>tenerent</strong></span> <span class='ocrx_word' id='word_1_149' title='bbox 1106 1870 1179 1949; x_wconf 90' lang='lat' dir='ltr'><strong>aut,</strong></span> 
     </span>
     <span class='ocr_line' id='line_1_21' title="bbox 117 1948 1178 2039; baseline 0.007 -28"><span class='ocrx_word' id='word_1_150' title='bbox 117 1971 143 2011; x_wconf 83' lang='lat' dir='ltr'><strong>ao</strong></span> <span class='ocrx_word' id='word_1_151' title='bbox 157 1949 213 2033; x_wconf 90' lang='lat' dir='ltr'><strong>qui</strong></span> <span class='ocrx_word' id='word_1_152' title='bbox 237 1948 448 2034; x_wconf 86' lang='lat' dir='ltr'><strong>diuerterant,</strong></span> <span class='ocrx_word' id='word_1_153' title='bbox 471 1948 506 2013; x_wconf 92' lang='lat' dir='ltr'><strong>in</strong></span> <span class='ocrx_word' id='word_1_154' title='bbox 530 1971 600 2014; x_wconf 93' lang='lat' dir='ltr'><strong>eam</strong></span> <span class='ocrx_word' id='word_1_155' title='bbox 623 1956 864 2037; x_wconf 89' lang='lat' dir='ltr'><strong>reuocarentur,</strong></span> <span class='ocrx_word' id='word_1_156' title='bbox 892 1951 998 2016; x_wconf 92' lang='lat' dir='ltr'><strong>studio</strong></span> <span class='ocrx_word' id='word_1_157' title='bbox 1026 1952 1178 2039; x_wconf 88' lang='lat' dir='ltr'><strong>consili0,</strong></span> 
     </span>
     <span class='ocr_line' id='line_1_22' title="bbox 155 2037 1178 2106; baseline 0.004 -4"><span class='ocrx_word' id='word_1_158' title='bbox 155 2037 289 2103; x_wconf 90' lang='lat' dir='ltr'><strong>monitis</strong></span> <span class='ocrx_word' id='word_1_159' title='bbox 312 2038 504 2103; x_wconf 90' lang='lat' dir='ltr'><strong>auctoritate</strong></span> <span class='ocrx_word' id='word_1_160' title='bbox 528 2039 702 2104; x_wconf 88' lang='lat' dir='ltr'><strong>contendit.</strong></span> <span class='ocrx_word' id='word_1_161' title='bbox 748 2039 831 2103; x_wconf 89' lang='lat' dir='ltr'><strong>nihil</strong></span> <span class='ocrx_word' id='word_1_162' title='bbox 854 2040 991 2105; x_wconf 88' lang='lat' dir='ltr'><strong>obscure</strong></span> <span class='ocrx_word' id='word_1_163' title='bbox 1018 2040 1107 2105; x_wconf 89' lang='lat' dir='ltr'><strong>fama</strong></span> <span class='ocrx_word' id='word_1_164' title='bbox 1130 2042 1178 2106; x_wconf 81' lang='lat' dir='ltr'><strong>lo</strong></span> 
     </span>
     <span class='ocr_line' id='line_1_23' title="bbox 157 2127 1180 2215; baseline 0.003 -22"><span class='ocrx_word' id='word_1_165' title='bbox 157 2127 267 2213; x_wconf 91' lang='lat' dir='ltr'><strong>quitur</strong></span> <span class='ocrx_word' id='word_1_166' title='bbox 290 2131 322 2192; x_wconf 93' lang='lat' dir='ltr'><strong>te</strong></span> <span class='ocrx_word' id='word_1_167' title='bbox 346 2127 411 2193; x_wconf 90' lang='lat' dir='ltr'><strong>tuis</strong></span> <span class='ocrx_word' id='word_1_168' title='bbox 434 2127 622 2214; x_wconf 90' lang='lat' dir='ltr'><strong>uirtutibus,</strong></span> <span class='ocrx_word' id='word_1_169' title='bbox 644 2127 728 2192; x_wconf 92' lang='lat' dir='ltr'><strong>nihil</strong></span> <span class='ocrx_word' id='word_1_170' title='bbox 750 2127 789 2191; x_wconf 89' lang='lat' dir='ltr'><strong>dc</strong></span> <span class='ocrx_word' id='word_1_171' title='bbox 812 2131 845 2192; x_wconf 89' lang='lat' dir='ltr'><strong>te</strong></span> <span class='ocrx_word' id='word_1_172' title='bbox 869 2132 925 2192; x_wconf 87' lang='lat' dir='ltr'><strong>aut</strong></span> <span class='ocrx_word' id='word_1_173' title='bbox 943 2128 1100 2215; x_wconf 88' lang='lat' dir='ltr'><strong>exiguum</strong></span> <span class='ocrx_word' id='word_1_174' title='bbox 1121 2135 1180 2196; x_wconf 89' lang='lat' dir='ltr'><strong>aut</strong></span> 
     </span>
     <span class='ocr_line' id='line_1_24' title="bbox 157 2216 1179 2303; baseline 0.003 -22"><span class='ocrx_word' id='word_1_175' title='bbox 157 2218 292 2283; x_wconf 92' lang='lat' dir='ltr'><strong>dubium</strong></span> <span class='ocrx_word' id='word_1_176' title='bbox 307 2217 447 2282; x_wconf 85' lang='lat' dir='ltr'><strong>affertur.</strong></span> <span class='ocrx_word' id='word_1_177' title='bbox 486 2221 601 2301; x_wconf 90' lang='lat' dir='ltr'><strong>patent</strong></span> <span class='ocrx_word' id='word_1_178' title='bbox 619 2217 731 2282; x_wconf 90' lang='lat' dir='ltr'><strong>multis</strong></span> <span class='ocrx_word' id='word_1_179' title='bbox 750 2237 787 2280; x_wconf 89' lang='lat' dir='ltr'><strong>ac</strong></span> <span class='ocrx_word' id='word_1_180' title='bbox 803 2216 991 2281; x_wconf 84' lang='lat' dir='ltr'><strong>certissimis</strong></span> <span class='ocrx_word' id='word_1_181' title='bbox 1005 2238 1179 2303; x_wconf 85' lang='lat' dir='ltr'><strong>argumen-</strong></span> 
     </span>
     <span class='ocr_line' id='line_1_25' title="bbox 156 2304 1180 2389; baseline 0.003 -19"><span class='ocrx_word' id='word_1_182' title='bbox 156 2307 200 2370; x_wconf 94' lang='lat' dir='ltr'><strong>tis</strong></span> <span class='ocrx_word' id='word_1_183' title='bbox 224 2306 341 2371; x_wconf 90' lang='lat' dir='ltr'><strong>eximia</strong></span> <span class='ocrx_word' id='word_1_184' title='bbox 364 2310 421 2369; x_wconf 92' lang='lat' dir='ltr'><strong>tua</strong></span> <span class='ocrx_word' id='word_1_185' title='bbox 444 2305 479 2368; x_wconf 92' lang='lat' dir='ltr'><strong>in</strong></span> <span class='ocrx_word' id='word_1_186' title='bbox 503 2304 622 2369; x_wconf 79' lang='lat' dir='ltr'><strong>Christi</strong></span> <span class='ocrx_word' id='word_1_187' title='bbox 645 2304 824 2369; x_wconf 81' lang='lat' dir='ltr'><strong>Ecclesiam</strong></span> <span class='ocrx_word' id='word_1_188' title='bbox 846 2305 974 2389; x_wconf 89' lang='lat' dir='ltr'><strong>merita;</strong></span> <span class='ocrx_word' id='word_1_189' title='bbox 1006 2307 1121 2371; x_wconf 89' lang='lat' dir='ltr'><strong>colunt</strong></span> <span class='ocrx_word' id='word_1_190' title='bbox 1145 2313 1180 2373; x_wconf 87' lang='lat' dir='ltr'><strong>tc</strong></span> 
     </span>
     <span class='ocr_line' id='line_1_26' title="bbox 117 2392 1181 2482; baseline 0.003 -26"><span class='ocrx_word' id='word_1_191' title='bbox 117 2414 143 2456; x_wconf 81' lang='lat' dir='ltr'><strong>as</strong></span> <span class='ocrx_word' id='word_1_192' title='bbox 158 2414 268 2456; x_wconf 89' lang='lat' dir='ltr'><strong>omnes</strong></span> <span class='ocrx_word' id='word_1_193' title='bbox 292 2392 334 2455; x_wconf 93' lang='lat' dir='ltr'><strong>ob</strong></span> <span class='ocrx_word' id='word_1_194' title='bbox 360 2392 546 2474; x_wconf 84' lang='lat' dir='ltr'><strong>doctrinam,</strong></span> <span class='ocrx_word' id='word_1_195' title='bbox 569 2392 738 2457; x_wconf 89' lang='lat' dir='ltr'><strong>imitantur</strong></span> <span class='ocrx_word' id='word_1_196' title='bbox 757 2393 852 2456; x_wconf 89' lang='lat' dir='ltr'><strong>multi</strong></span> <span class='ocrx_word' id='word_1_197' title='bbox 876 2393 918 2457; x_wconf 91' lang='lat' dir='ltr'><strong>ob</strong></span> <span class='ocrx_word' id='word_1_198' title='bbox 942 2393 1181 2482; x_wconf 85' lang='lat' dir='ltr'><strong>integritatem,</strong></span> 
     </span>
     <span class='ocr_line' id='line_1_27' title="bbox 157 2477 1179 2566; baseline 0.005 -23"><span class='ocrx_word' id='word_1_199' title='bbox 157 2482 267 2543; x_wconf 88' lang='lat' dir='ltr'><strong>amant</strong></span> <span class='ocrx_word' id='word_1_200' title='bbox 292 2478 334 2541; x_wconf 91' lang='lat' dir='ltr'><strong>ob</strong></span> <span class='ocrx_word' id='word_1_201' title='bbox 358 2477 594 2542; x_wconf 89' lang='lat' dir='ltr'><strong>humanitatem</strong></span> <span class='ocrx_word' id='word_1_202' title='bbox 616 2481 819 2566; x_wconf 88' lang='lat' dir='ltr'><strong>maximeque</strong></span> <span class='ocrx_word' id='word_1_203' title='bbox 839 2483 881 2546; x_wconf 91' lang='lat' dir='ltr'><strong>ob</strong></span> <span class='ocrx_word' id='word_1_204' title='bbox 900 2485 1021 2546; x_wconf 91' lang='lat' dir='ltr'><strong>rectam</strong></span> <span class='ocrx_word' id='word_1_205' title='bbox 1044 2504 1083 2548; x_wconf 88' lang='lat' dir='ltr'><strong>ae</strong></span> <span class='ocrx_word' id='word_1_206' title='bbox 1102 2484 1179 2549; x_wconf 91' lang='lat' dir='ltr'><strong>sim·</strong></span> 
     </span>
     <span class='ocr_line' id='line_1_28' title="bbox 156 2565 1180 2658; baseline 0.008 -29"><span class='ocrx_word' id='word_1_207' title='bbox 156 2565 275 2650; x_wconf 86' lang='lat' dir='ltr'><strong>plicem</strong></span> <span class='ocrx_word' id='word_1_208' title='bbox 298 2569 446 2630; x_wconf 89' lang='lat' dir='ltr'><strong>naturam</strong></span> <span class='ocrx_word' id='word_1_209' title='bbox 473 2566 515 2630; x_wconf 91' lang='lat' dir='ltr'><strong>ab</strong></span> <span class='ocrx_word' id='word_1_210' title='bbox 545 2567 632 2631; x_wconf 93' lang='lat' dir='ltr'><strong>omni</strong></span> <span class='ocrx_word' id='word_1_211' title='bbox 660 2568 734 2634; x_wconf 86' lang='lat' dir='ltr'><strong>fuco</strong></span> <span class='ocrx_word' id='word_1_212' title='bbox 764 2569 915 2653; x_wconf 91' lang='lat' dir='ltr'><strong>omnique</strong></span> <span class='ocrx_word' id='word_1_213' title='bbox 944 2572 1031 2635; x_wconf 84' lang='lat' dir='ltr'><strong>fastu</strong></span> <span class='ocrx_word' id='word_1_214' title='bbox 1053 2571 1180 2658; x_wconf 86' lang='lat' dir='ltr'><strong>longis-</strong></span> 
     </span>
     <span class='ocr_line' id='line_1_29' title="bbox 156 2655 1180 2738; baseline 0.004 -18"><span class='ocrx_word' id='word_1_215' title='bbox 156 2655 236 2720; x_wconf 93' lang='lat' dir='ltr'><strong>sime</strong></span> <span class='ocrx_word' id='word_1_216' title='bbox 254 2657 419 2719; x_wconf 86' lang='lat' dir='ltr'><strong>remotam.</strong></span> <span class='ocrx_word' id='word_1_217' title='bbox 457 2676 649 2738; x_wconf 87' lang='lat' dir='ltr'><strong>praeconem</strong></span> <span class='ocrx_word' id='word_1_218' title='bbox 667 2679 744 2722; x_wconf 91' lang='lat' dir='ltr'><strong>uero</strong></span> <span class='ocrx_word' id='word_1_219' title='bbox 767 2662 897 2723; x_wconf 90' lang='lat' dir='ltr'><strong>tuarum</strong></span> <span class='ocrx_word' id='word_1_220' title='bbox 918 2659 1050 2724; x_wconf 91' lang='lat' dir='ltr'><strong>laudum</strong></span> <span class='ocrx_word' id='word_1_221' title='bbox 1075 2661 1180 2725; x_wconf 92' lang='lat' dir='ltr'><strong>omni·</strong></span> 
     </span>
     <span class='ocr_line' id='line_1_30' title="bbox 156 2743 1179 2835; baseline 0.004 -26"><span class='ocrx_word' id='word_1_222' title='bbox 156 2745 218 2809; x_wconf 88' lang='lat' dir='ltr'><strong>bus</strong></span> <span class='ocrx_word' id='word_1_223' title='bbox 236 2744 325 2809; x_wconf 88' lang='lat' dir='ltr'><strong>horis</strong></span> <span class='ocrx_word' id='word_1_224' title='bbox 344 2743 491 2809; x_wconf 88' lang='lat' dir='ltr'><strong>audimus</strong></span> <span class='ocrx_word' id='word_1_225' title='bbox 513 2766 600 2829; x_wconf 91' lang='lat' dir='ltr'><strong>eum,</strong></span> <span class='ocrx_word' id='word_1_226' title='bbox 622 2746 678 2828; x_wconf 91' lang='lat' dir='ltr'><strong>qui</strong></span> <span class='ocrx_word' id='word_1_227' title='bbox 704 2768 829 2811; x_wconf 88' lang='lat' dir='ltr'><strong>summa</strong></span> <span class='ocrx_word' id='word_1_228' title='bbox 849 2747 920 2831; x_wconf 91' lang='lat' dir='ltr'><strong>ipse</strong></span> <span class='ocrx_word' id='word_1_229' title='bbox 940 2747 1035 2811; x_wconf 92' lang='lat' dir='ltr'><strong>laude</strong></span> <span class='ocrx_word' id='word_1_230' title='bbox 1057 2748 1179 2835; x_wconf 83' lang='lat' dir='ltr'><strong>dignus</strong></span> 
     </span>
     <span class='ocr_line' id='line_1_31' title="bbox 116 2832 1178 2920; baseline 0.006 -24"><span class='ocrx_word' id='word_1_231' title='bbox 116 2856 142 2898; x_wconf 86' lang='grc'><strong>11</strong></span> <span class='ocrx_word' id='word_1_232' title='bbox 157 2837 215 2920; x_wconf 88' lang='lat' dir='ltr'><strong>est,</strong></span> <span class='ocrx_word' id='word_1_233' title='bbox 229 2832 418 2899; x_wconf 82' lang='lat' dir='ltr'><strong>Federicum</strong></span> <span class='ocrx_word' id='word_1_234' title='bbox 431 2832 636 2918; x_wconf 90' lang='lat' dir='ltr'><strong>Baduarium,</strong></span> <span class='ocrx_word' id='word_1_235' title='bbox 655 2838 818 2900; x_wconf 90' lang='lat' dir='ltr'><strong>auctorem</strong></span> <span class='ocrx_word' id='word_1_236' title='bbox 838 2840 871 2900; x_wconf 89' lang='lat' dir='ltr'><strong>et</strong></span> <span class='ocrx_word' id='word_1_237' title='bbox 889 2835 1090 2901; x_wconf 89' lang='lat' dir='ltr'><strong>conditorem</strong></span> <span class='ocrx_word' id='word_1_238' title='bbox 1103 2837 1178 2902; x_wconf 91' lang='lat' dir='ltr'><strong>Deo</strong></span> 
     </span>
     <span class='ocr_line' id='line_1_32' title="bbox 156 2921 1180 3007; baseline 0.004 -22"><span class='ocrx_word' id='word_1_239' title='bbox 156 2923 235 2986; x_wconf 89' lang='lat' dir='ltr'><strong>duce</strong></span> <span class='ocrx_word' id='word_1_240' title='bbox 258 2921 449 2987; x_wconf 89' lang='lat' dir='ltr'><strong>Academiae</strong></span> <span class='ocrx_word' id='word_1_241' title='bbox 471 2927 609 2987; x_wconf 90' lang='lat' dir='ltr'><strong>nostrae.</strong></span> <span class='ocrx_word' id='word_1_242' title='bbox 655 2923 706 2987; x_wconf 92' lang='lat' dir='ltr'><strong>cui</strong></span> <span class='ocrx_word' id='word_1_243' title='bbox 736 2923 865 3007; x_wconf 91' lang='lat' dir='ltr'><strong>quidem</strong></span> <span class='ocrx_word' id='word_1_244' title='bbox 892 2924 964 2988; x_wconf 90' lang='lat' dir='ltr'><strong>uiro</strong></span> <span class='ocrx_word' id='word_1_245' title='bbox 992 2928 1064 2989; x_wconf 87' lang='lat' dir='ltr'><strong>tum</strong></span> <span class='ocrx_word' id='word_1_246' title='bbox 1088 2925 1180 2990; x_wconf 89' lang='lat' dir='ltr'><strong>uitae</strong></span> 
     </span>
     <span class='ocr_line' id='line_1_33' title="bbox 155 3009 1179 3094; baseline 0.006 -22"><span class='ocrx_word' id='word_1_247' title='bbox 155 3009 317 3094; x_wconf 91' lang='lat' dir='ltr'><strong>probitas,</strong></span> <span class='ocrx_word' id='word_1_248' title='bbox 346 3014 416 3074; x_wconf 93' lang='lat' dir='ltr'><strong>tum</strong></span> <span class='ocrx_word' id='word_1_249' title='bbox 440 3033 479 3074; x_wconf 96' lang='lat' dir='ltr'><strong>ex</strong></span> <span class='ocrx_word' id='word_1_250' title='bbox 508 3011 635 3075; x_wconf 91' lang='lat' dir='ltr'><strong>assiduo</strong></span> <span class='ocrx_word' id='word_1_251' title='bbox 664 3011 771 3076; x_wconf 87' lang='lat' dir='ltr'><strong>studio</strong></span> <span class='ocrx_word' id='word_1_252' title='bbox 800 3012 946 3077; x_wconf 91' lang='lat' dir='ltr'><strong>doctrina</strong></span> <span class='ocrx_word' id='word_1_253' title='bbox 974 3016 1007 3077; x_wconf 94' lang='lat' dir='ltr'><strong>et</strong></span> <span class='ocrx_word' id='word_1_254' title='bbox 1035 3034 1076 3076; x_wconf 89' lang='lat' dir='ltr'><strong>ex</strong></span> <span class='ocrx_word' id='word_1_255' title='bbox 1108 3014 1179 3079; x_wconf 91' lang='lat' dir='ltr'><strong>diu-</strong></span> 
     </span>
     <span class='ocr_line' id='line_1_34' title="bbox 155 3099 1178 3186; baseline 0.006 -26"><span class='ocrx_word' id='word_1_256' title='bbox 155 3101 252 3161; x_wconf 89' lang='lat' dir='ltr'><strong>turno</strong></span> <span class='ocrx_word' id='word_1_257' title='bbox 275 3118 382 3161; x_wconf 91' lang='lat' dir='ltr'><strong>rerum</strong></span> <span class='ocrx_word' id='word_1_258' title='bbox 409 3120 469 3163; x_wconf 93' lang='lat' dir='ltr'><strong>usu</strong></span> <span class='ocrx_word' id='word_1_259' title='bbox 496 3099 668 3182; x_wconf 89' lang='lat' dir='ltr'><strong>prudentia</strong></span> <span class='ocrx_word' id='word_1_260' title='bbox 694 3100 792 3165; x_wconf 91' lang='lat' dir='ltr'><strong>fidem</strong></span> <span class='ocrx_word' id='word_1_261' title='bbox 823 3104 920 3186; x_wconf 91' lang='lat' dir='ltr'><strong>atque</strong></span> <span class='ocrx_word' id='word_1_262' title='bbox 948 3100 1178 3166; x_wconf 87' lang='lat' dir='ltr'><strong>auctoritatem</strong></span> 
     </span>
     <span class='ocr_line' id='line_1_35' title="bbox 155 3184 1176 3275; baseline 0.006 -27"><span class='ocrx_word' id='word_1_263' title='bbox 155 3184 190 3248; x_wconf 92' lang='lat' dir='ltr'><strong>in</strong></span> <span class='ocrx_word' id='word_1_264' title='bbox 223 3184 310 3248; x_wconf 89' lang='lat' dir='ltr'><strong>omni</strong></span> <span class='ocrx_word' id='word_1_265' title='bbox 343 3206 488 3250; x_wconf 90' lang='lat' dir='ltr'><strong>sermone</strong></span> <span class='ocrx_word' id='word_1_266' title='bbox 521 3188 677 3253; x_wconf 87' lang='lat' dir='ltr'><strong>conciliat.</strong></span> <span class='ocrx_word' id='word_1_267' title='bbox 728 3189 801 3273; x_wconf 91' lang='lat' dir='ltr'><strong>ipso</strong></span> <span class='ocrx_word' id='word_1_268' title='bbox 837 3189 940 3275; x_wconf 81' lang='lat' dir='ltr'><strong>igitur</strong></span> <span class='ocrx_word' id='word_1_269' title='bbox 972 3211 1040 3254; x_wconf 89' lang='lat' dir='ltr'><strong>non</strong></span> <span class='ocrx_word' id='word_1_270' title='bbox 1076 3190 1176 3255; x_wconf 92' lang='lat' dir='ltr'><strong>modo</strong></span> 
     </span>
     <span class='ocr_line' id='line_1_36' title="bbox 117 3273 1181 3362; baseline 0.006 -25"><span class='ocrx_word' id='word_1_271' title='bbox 117 3297 144 3338; x_wconf 81' lang='lat' dir='ltr'><strong>es</strong></span> <span class='ocrx_word' id='word_1_272' title='bbox 158 3273 372 3360; x_wconf 88' lang='lat' dir='ltr'><strong>approbante,</strong></span> <span class='ocrx_word' id='word_1_273' title='bbox 395 3295 508 3338; x_wconf 91' lang='lat' dir='ltr'><strong>uerum</strong></span> <span class='ocrx_word' id='word_1_274' title='bbox 531 3276 630 3341; x_wconf 88' lang='lat' dir='ltr'><strong>etiam</strong></span> <span class='ocrx_word' id='word_1_275' title='bbox 652 3277 802 3342; x_wconf 86' lang='lat' dir='ltr'><strong>hortante</strong></span> <span class='ocrx_word' id='word_1_276' title='bbox 826 3278 1027 3362; x_wconf 89' lang='lat' dir='ltr'><strong>praeclarum</strong></span> <span class='ocrx_word' id='word_1_277' title='bbox 1046 3276 1086 3342; x_wconf 91' lang='lat' dir='ltr'><strong>de</strong></span> <span class='ocrx_word' id='word_1_278' title='bbox 1104 3278 1181 3343; x_wconf 89' lang='lat' dir='ltr'><strong>Deo</strong></span> 
     </span>
    </p>
   </div>
   <div class='ocr_carea' id='block_1_3' title="bbox 245 3465 964 3525">
    <p class='ocr_par' dir='ltr' id='par_1_3' title="bbox 245 3465 964 3525">
     <span class='ocr_line' id='line_1_37' title="bbox 245 3465 964 3525; baseline 0.001 -2"><span class='ocrx_word' id='word_1_279' title='bbox 245 3474 261 3523; x_wconf 87' lang='grc'><strong>3</strong></span> <span class='ocrx_word' id='word_1_280' title='bbox 281 3465 329 3520; x_wconf 82' lang='lat' dir='ltr'><strong>‘ab</strong></span> <span class='ocrx_word' id='word_1_281' title='bbox 349 3465 498 3523; x_wconf 86' lang='lat' dir='ltr'><strong>excellenti</strong></span> <span class='ocrx_word' id='word_1_282' title='bbox 516 3467 589 3524; x_wconf 90' lang='lat' dir='ltr'><strong>uiro’</strong></span> <span class='ocrx_word' id='word_1_283' title='bbox 610 3468 705 3523; x_wconf 86' lang='lat' dir='ltr'><strong>Marco</strong></span> <span class='ocrx_word' id='word_1_284' title='bbox 724 3468 848 3524; x_wconf 87' lang='lat' dir='ltr'><strong>Antonio</strong></span> <span class='ocrx_word' id='word_1_285' title='bbox 867 3468 964 3525; x_wconf 84' lang='lat' dir='ltr'><strong>Natta.</strong></span> 
     </span>
    </p>
   </div>
   <div class='ocr_carea' id='block_1_4' title="bbox 0 0 1231 3862">
    <p class='ocr_par' dir='ltr' id='par_1_4' title="bbox 0 0 1231 3862">
     <span class='ocr_line' id='line_1_38' title="bbox 0 0 1231 3862; baseline 0 0"><span class='ocrx_word' id='word_1_286' title='bbox 0 0 1231 3862; x_wconf 95' lang='lat' dir='ltr'><strong> </strong></span> 
     </span>
    </p>
   </div>
  </div>
 </body>
</html>
