2452 3862
115 153 160 219 46
424 152 499 213 xlx.
527 150 681 222 Hippolyto
700 149 820 206 Estensi.

117 314 223 380 studia
246 313 448 378 commendat
472 313 687 399 eloquentiae,
709 313 745 377 in
769 313 889 397 quibus
912 333 974 398 ago
1000 335 1064 396 per
1087 317 1137 379 tot

117 425 231 487 annos,
261 402 386 465 utinam
416 423 489 467 cum
520 402 627 486 eliqua
656 401 764 486 laude,
793 422 912 487 magno
942 406 1034 466 certe
1067 424 1138 467 cum

117 493 228 555 labore
255 511 380 572 uersor,
409 491 610 555 commendat
638 490 747 576 simul,
775 489 885 574 paullo
911 494 1026 554 tamen
1051 512 1137 557 uere·

118 578 267 663 cundius,
298 600 332 643 se
359 578 468 662 ipsum
496 583 529 643 et
556 579 687 666 uigilias
714 601 816 662 meas,
845 601 981 663 quarum
1010 580 1139 644 fructus

90 667 197 735 smihi
222 668 284 733 erit
313 667 495 732 uberrimus
523 672 594 732 tum
621 667 850 732 beneuolentia
876 672 948 732 tum
977 667 1136 732 iudicium

117 761 219 820 tuum.
270 755 424 833 Quaesiui
463 756 593 820 omnino
630 756 728 840 idque
764 756 846 822 mihi
880 755 1028 839 primum
1066 756 1136 842 fuit,

118 844 320 928 posteritatis
356 844 545 930 utilitatem,
583 844 669 929 quod
703 848 752 909 est
784 844 956 928 proprium
992 845 1135 909 familiae

117 937 259 1017 nostrae3
288 933 348 998 sed
376 934 412 998 in
438 937 474 998 te
506 933 614 1017 ipsum
646 932 756 1019 simul,
788 955 861 997 cum
892 933 969 1002 huic
999 955 1134 1018 operam

118 1021 347 1086 commentario
372 1022 495 1122 darem,
521 1025 612 1105 spect
597 1022 734 1086 teuit
720 1026 757 1086 tu
778 1021 807 1086 si
830 1021 951 1122 probas
971 1043 1027 1106 ea,
1055 1043 1134 1106 quac

82 1110 236 1178 alitteris
250 1109 451 1194 mandamus
470 1133 498 1175 si
489 1111 602 1175 faues
616 1110 792 1174 industriae
803 1110 994 1194 optimeque
1015 1115 1049 1175 te
1067 1132 1133 1175 esse

119 1198 240 1264 animat
241 1220 297 1264 um
325 1221 402 1286 erga
429 1221 500 1263 mea
528 1198 635 1263 studia
662 1197 838 1285 significas:
866 1221 929 1284 ego
957 1221 1025 1282 me,
1055 1219 1134 1283 quac

120 1310 245 1352 summa
270 1292 361 1375 sunt,
387 1288 497 1353 omnia
525 1292 732 1353 consecutum
760 1288 894 1371 putabo.
942 1250 1132 1368 [ulium]

519 1565 732 1574 ——-——-—-

583 1797 668 1864 XIX.

118 1937 336 2022 Hippolyto
364 1939 522 2005 Estensi
552 1939 749 2005 Cardinali
776 1939 992 2005 Ferrariam
1019 1951 1083 2022 (ΙΙΙ,
1097 1942 1132 2024 ι).

80 2115 106 2156 15
208 2079 312 2145 Valde
330 2102 382 2144 me
400 2080 524 2147 leuauit
542 2081 577 2147 in
594 2081 655 2147 hac
668 2103 740 2148 mea
754 2081 837 2147 satis
856 2081 1001 2168 grauiter
1020 2083 1133 2148 affecta

120 2168 304 2235 ualetudine
323 2171 466 2238 oratoris
486 2171 596 2256 uestri,
613 2170 814 2255 Hieronymi·
823 2170 937 2256 Faleti,
959 2170 1025 2240 uiri
1043 2192 1132 2255 ⁴prac-

120 2259 245 2344 stantis,
269 2261 381 2326 oratio.
422 2260 477 2346 qui
501 2283 574 2326 cum
593 2281 777 2326 sermonem
797 2259 880 2324 mihi
898 2259 1066 2324 Ferrariae
1089 2264 1131 2324 te-

119 2372 192 2415 cum
206 2350 356 2414 habitum
371 2349 583 2433 exposuisset
589 2349 764 2434 multaque,
782 2353 820 2412 ut
834 2348 925 2433 solet,
943 2348 1008 2413 de
999 2348 1130 2435 ingenio

119 2442 175 2501 tuo
197 2437 370 2522 singulari,
393 2437 431 2500 de
460 2459 585 2501 summa
611 2437 773 2522 grauitate
792 2458 832 2501 ac
857 2400 1042 2521 sapientia,
1057 2459 1133 2502 non·

79 2552 105 2591 ro
118 2524 208 2595 nulla
223 2525 320 2588 ctiam
335 2524 402 2587 det
388 2527 445 2588 tua
457 2545 661 2676 nequaquam
675 2545 694 2588 a
707 2547 784 2625 me,
781 2530 825 2590 ut
838 2525 1011 2608 audieram,
1030 2525 1134 2590 aliena

120 2611 288 2684 uoluntate
317 2616 478 2676 narrasset
482 2612 595 2697 ,cepi
623 2612 728 2678 laetit
704 2617 797 2698 t,1am
828 2617 931 2715 quant
932 2635 984 2678 am
1011 2613 1132 2698 aliquis

120 2723 159 2764 ex
182 2700 346 2784 insperata
365 2663 587 2785 ,exoptdtaque
613 2723 649 2766 re
674 2723 794 2786 capere
821 2703 996 2767 maximam
1018 2701 1132 2786 possit,

119 2810 270 2874 measque
294 2788 405 2854 statim
423 2810 497 2853 esse
525 2794 634 2874 partes
657 2790 749 2875 duxi,
774 2795 813 2856 -ut
837 2791 876 2854 ad
899 2796 932 2855 te
956 2791 1131 2856 scriberem

119 2900 311 2966 ageremque
330 2877 460 2964 gratias,
483 2878 570 2962 quod
588 2879 623 2944 in
641 2901 678 2943 eo
694 2879 778 2965 loco,
796 2880 880 2945 unde
899 2901 950 2944 me
963 2880 1131 2963 depellere

79 2968 249 3034 infortuna
275 2970 456 3050 conaretur,
483 2971 540 3032 tua
567 2990 618 3032 me
646 2967 800 3033 retineret
826 2968 1021 3032 humanitas.
1068 2989 1131 3053 quo

120 3076 196 3119 sane
218 3055 300 3119 mihi
316 3054 404 3120 nihil
427 3056 585 3141 optatius,
611 3056 695 3121 nihil
716 3057 778 3121 hoc
801 3061 961 3141 tempore,
989 3079 1063 3122 cum
1086 3056 1131 3120 in·

119 3143 230 3206 firmus
252 3142 405 3230 langueo,
434 3145 474 3208 ad
501 3145 644 3213 animum
671 3167 778 3210 meum
807 3144 1053 3211 sustentandum
1077 3167 1131 3228 op·

120 3231 291 3314 portunius
313 3233 423 3316 potuit
446 3233 596 3299 accidere.
642 3238 739 3318 atque
767 3234 915 3318 equidem
942 3234 990 3299 ita
1014 3238 1132 3315 statuo,

120 3324 228 3392 actum
259 3343 327 3386 esse
357 3343 483 3387 mecum
512 3323 628 3389 misere
658 3345 791 3407 prorsus
822 3328 919 3408 atquc
949 3322 1132 3404 infeliciter,

79 3435 105 3476 ao
120 3409 206 3494 quod
228 3431 337 3475 meam
359 3412 405 3475 »ad
430 3415 464 3476 te
492 3412 641 3477 ueniendi
671 3411 881 3495 cupiditatem
907 3411 1131 3476 incredibilem

117 3498 304 3583 pestilentia
334 3500 488 3589 primum,
519 3500 632 3566 deinde
656 3501 796 3567 morbus
824 3500 1009 3586 impedierit
1037 3504 1071 3564 et
1097 3498 1131 3562 in
