2452 3862
123 144 167 210 34
404 145 476 200 XVI.
504 144 549 198 Ad
566 143 720 200 Antonium
738 144 857 201 Aelium.

121 310 192 374 Lat'
168 313 235 373 tme
259 308 442 394 scriberem,
464 307 690 394 urgebatct
657 307 908 372 ctscribebat‘
862 311 980 392 t1pse,
1004 313 1043 374 ut
1069 311 1147 398 scis,

121 398 301 463 luculenter
331 399 364 460 et
391 396 529 483 egregie
575 396 738 496 probabat
765 396 896 460 omnino
923 418 1034 497 meum
1066 421 1146 467 con·

123 484 643 569 smumetttefferebatmaxime
667 484 705 548 de
729 485 967 551 commentariis
989 485 1025 554 in
1054 486 1146 557 Cice·

122 575 211 640 roais
229 572 398 638 orationes.
436 535 491 639 sed
510 573 651 638 exemeri
671 572 813 638 malebat
799 574 924 657 tprius
942 573 1146 647 industriam

96 685 226 728 amcam
262 662 298 726 in
328 660 592 746 Antiquitatibus
625 660 781 727 Romanis
815 662 889 746 ipso
926 663 1144 746 potissimum

122 756 252 816 auctore
274 750 443 816 institutis.
488 749 697 835 interimat
725 749 816 835 quasi
845 773 884 815 ex
907 751 1003 817 unius
1032 755 1144 836 partis

122 842 225 905 forma
257 839 295 903 de
328 843 398 904 toto
430 839 542 904 liceret
570 838 716 903 aedificio
743 839 917 922 -coniicere,
950 862 1050 908 unam
1081 843 1144 909 ali-

122 951 228 1014 quam,
251 950 332 1012 quae
351 928 515 1012 specimen
532 927 656 1015 ingenii
673 928 738 992 mei
756 928 936 1013 praeberet,
955 929 1143 999 orationem

122 1017 301 1082 subseciuis
324 1016 413 1083 horis
436 1021 473 1081 ut
501 1016 724 1100 exponendam
748 1017 957 1102 susciperem,
983 1017 1142 1087 hortatus

82 1131 109 1172 ιο
123 1111 180 1171 est.
231 1128 291 1193 ego
324 1106 448 1189 sumpsi
480 1129 540 1189 pro
573 1103 684 1170 Sextio
716 1127 776 1171 nec
807 1105 919 1171 multis
950 1110 1029 1189 post
1064 1130 1142 1175 eum

122 1217 302 1260 sermonem
328 1194 496 1259 mensibus
522 1194 621 1280 hunc,
651 1193 708 1277 qui
736 1216 821 1258 nunc
849 1194 883 1259 in
907 1198 967 1259 tuo
992 1196 1142 1353 nomine,

121 1283 245 1349 Antoni
276 1282 366 1367 Aeli,
398 1283 588 1367 apparebit,
620 1283 886 1348 commentarium
918 1283 1058 1349 absolui
1107 1291 1141 1353 et

121 1372 221 1458 quod,
251 1371 306 1436 ille
334 1373 361 1437 si
388 1372 528 1457 uiueret,
557 1371 718 1458 fecissem,
747 1375 785 1436 ut
770 1372 876 1436 thoc
904 1371 947 1459 ei,
978 1373 1140 1458 quidquid

122 1467 184 1543 est,
213 1461 356 1527 muneris
383 1461 554 1548 deferrem,
585 1459 692 1525 studio
718 1482 791 1524 meo
822 1464 1015 1546 commotus,
1046 1461 1141 1530 illius

82 1576 107 1616 15
121 1515 243 1617 uirtute
266 1550 435 1634 imputans,
457 1549 544 1614 idem
565 1571 661 1632 nunc,
688 1538 803 1614 iisdem
825 1548 982 1614 adductus
1005 1552 1141 1634 caussis,

121 1644 229 1704 tecum
250 1638 334 1703 facio
351 1638 576 1703 libentissime
613 1660 689 1701 nam
706 1660 785 1703 cum
808 1637 950 1702 amicitia
968 1637 1056 1704 inter
1077 1662 1141 1705 nos

122 1733 184 1810 est,
208 1727 360 1811 quanta
351 1730 400 1790 mt
402 1749 436 1790 er
386 1726 552 1811 t,duos
577 1747 714 1810 qaorum
737 1730 769 1790 et
792 1726 977 1791 uoluntates
995 1731 1034 1791 et
1057 1727 1140 1792 iudi-

122 1816 171 1880 cia
194 1815 409 1899 consentiant,
438 1836 507 1879 csse
535 1818 645 1898 potest
671 1815 825 1881 maxima.
855 1820 926 1880 tum
948 1815 1052 1881 habes
1076 1817 1140 1882 uir·

121 1907 235 2004 tutem,
257 1924 340 1967 non
337 1925 422 1989 eam,
441 1924 527 1986 quae
545 1903 669 1987 petitur
687 1924 707 1966 a
723 1903 828 1987 libris,
848 1925 933 1987 quae
950 1926 1017 1968 imo
1038 1905 1140 1970 scien

81 1992 186 2058 actiae
209 1991 338 2057 nomine
363 1991 474 2056 definit
460 1996 527 2075 tur,
546 1992 607 2056 sed
630 2013 714 2077 eam,
741 2014 823 2076 quae
847 1992 950 2057 oritur
912 2014 1013 2057 urex
1037 1994 1139 2061 animi

122 2084 274 2182 praestan
233 2080 321 2144 antia
349 2084 382 2145 et
404 2079 586 2145 multasin
551 2103 647 2145 mse
669 2081 781 2145 laudes
804 2080 962 2166 continet,
992 2082 1140 2148 studium

121 2168 389 2252 msuscipiendis
406 2169 570 2234 Ecclesiae
589 2190 700 2234 caussa
718 2169 897 2255 laboribus,
920 2171 1140 2237 constantiam

120 2260 155 2325 in
177 2258 384 2344 perferendis,
404 2258 674 2324 humanitatem
665 2281 699 2323 ω
718 2222 916 2342 excipiendis
938 2258 1142 2346 hominibus,

121 2347 390 2435 benignitatem
382 2369 416 2411 rn
440 2346 662 2432 subleuandis,
691 2347 915 2412 comitatem
906 2369 940 2411 ω
967 2353 1139 2413 consuetu·

82 2462 109 2503 ac
122 2437 195 2500 dine
218 2435 436 2521 familiarium,
459 2434 686 2535 grauitatem
677 2457 711 2499 ω
734 2458 909 2522 congressu
931 2440 965 2499 et
988 2459 1140 2502 sermone

122 2524 318 2589 clarorumt
304 2523 416 2606 tuique
440 2522 595 2587 similium
618 2522 771 2610 uirorum,
791 2524 932 2608 denique
955 2524 1120 2590 uoluntat
1095 2529 1141 2593 trs

121 2611 371 2696 propensionem
398 2611 439 2676 ad
461 2610 586 2695 optima
609 2633 755 2697 quaeque
778 2612 982 2699 singularem.
1025 2613 1140 2698 itaque

121 2705 154 2765 te
185 2722 327 2764 summus
360 2699 415 2764 ille
447 2700 566 2764 artium
595 2701 804 2766 honestarum
835 2705 1006 2788 patronus,
1039 2702 1141 2768 decus

120 2789 246 2874 Italiae,
269 2788 453 2853 Alexander
474 2788 646 2853 Famesius
670 2789 883 2855 Cardinalis
874 2812 909 2854 ω
936 2753 1040 2854 oculis
1061 2792 1141 2879 fert,

80 2904 107 2944 ao
120 2878 183 2943 tibi
207 2900 321 2943 arcana
344 2877 568 2964 communicat,
590 2878 687 2942 tuis'
678 2901 712 2943 1n
732 2878 883 2963 consiliis,
906 2877 933 2944 si
957 2878 1036 2962 quid
1061 2880 1140 2944 deli

121 2966 373 3032 beraudumt
323 2970 382 3052 est,
410 2966 492 3030 mult
478 2971 557 3050 tum,
581 2966 609 3031 si
627 2967 711 3051 quid
733 2930 1004 3050 perficieridum,¹
995 2989 1030 3030 1n
1054 2968 1141 3055 uigi-

120 3055 198 3118 lant
175 3060 220 3118 tra
247 3055 424 3138 plurimum
450 3055 552 3139 ponit.
598 3060 648 3139 tu,
676 3077 739 3139 quo
769 3056 855 3139 apud
883 3055 975 3120 illum
997 3055 1142 3124 Maffeus

121 3142 199 3207 olim
227 3141 299 3207 loco
329 3144 405 3227 fuit,
436 3144 548 3209 eodem
577 3143 647 3227 ipse
663 3149 762 3208 nunc
792 3165 827 3208 es
856 3143 1140 3229 rectissimamque

119 3230 351 3296 laudandamm
380 3232 544 3297 actionum
573 3232 661 3297 uiam
684 3233 873 3297 obseruatis
899 3232 1009 3296 Maffei
1038 3236 1140 3299 uasti-

81 3346 106 3388 11
121 3320 184 3407 giis
208 3320 373 3405 ingressus
396 3320 507 3406 pergis
530 3342 567 3385 eo
590 3321 777 3385 fauentibus
795 3321 993 3403 hominibus,
1009 3343 1140 3406 ,appro-

120 3409 219 3474 bante
242 3409 326 3494 Deo,
349 3408 406 3472 ubi
430 3408 576 3473 debitum
599 3410 652 3495 iis,
681 3410 736 3494 qui
760 3410 842 3474 bene
866 3433 902 3476 ac
924 3409 1140 3476 laudabiliter

120 3497 271 3585 uixerint,
290 3497 478 3584 praemium,
498 3520 622 3563 summa
641 3498 782 3584 dignitas
796 3498 1002 3583 persoluitur.
1028 3497 1140 3566 Mouit
