2452 3862
342 184 416 241 XVI.
445 185 490 239 Ad
508 185 663 241 Antonium
683 185 803 244 Aelium.
1035 190 1077 254 31

529 383 614 449 XVI.

129 525 186 589 Ad
212 522 425 589 Antonium
451 521 603 590 Aelium
629 524 748 590 Polac
774 525 1012 612 Episcopum

59 633 96 697 in
127 630 283 696 orationis
313 628 476 695 Ciceronis
505 653 565 715 pro
595 632 631 697 P.
660 630 771 696 Sextio
803 630 1078 700 Commentarium

479 745 668 814 (Praerxn).

153 878 232 943 Cum
255 878 318 942 alia
340 878 456 962 multa,
480 901 560 963 quae
584 879 742 966 uigebant
765 879 856 964 olim,
879 902 987 946 rerum
1009 883 1074 946 leu-
1103 914 1116 956 5

61 966 239 1032 dandarum
264 967 371 1032 studia
394 966 529 1050 periisse
552 972 649 1051 atque
678 967 821 1032 extincta
847 992 980 1053 prorsus
1008 993 1077 1036 esse

60 1056 235 1121 dolendum
266 1059 328 1139 cst,
301 1054 445 1139 t,Aeli
475 1055 526 1120 uir
556 1060 614 1140 opt
600 1056 679 1120 time
709 1070 762 1121 aa
776 1057 850 1122 doct
852 1057 974 1142 issima,
1006 1065 1077 1124 tum

59 1146 156 1230 hanc,
189 1143 224 1208 in
254 1166 317 1228 qua
319 1105 445 1208 sitani
474 1166 585 1209 omnes
615 1145 668 1209 uel
697 1145 872 1210 maximam
900 1110 1024 1212 utilitat
976 1152 1077 1212 tatem

60 1197 265 1318 intelligunt,
297 1232 533 1315 mterpretandi
562 1232 722 1298 rationem
751 1234 798 1298 ita
828 1235 1007 1336 amisimus,
1039 1242 1076 1301 ut

60 1344 102 1386 ex
132 1343 257 1405 eorum,
288 1321 408 1405 quibus
437 1325 512 1385 nost
513 1343 549 1384 ra
578 1326 773 1405 patrumque
802 1323 958 1388 memoria
986 1346 1077 1388 suam
1091 1355 1117 1395 10

59 1409 154 1475 hoc
145 1431 180 1474 m
202 1430 320 1495 genere
343 1409 480 1473 indust
439 1413 536 1473 trram
558 1409 664 1473 locare
689 1410 832 1474 studium
855 1410 918 1474 fuit
904 1415 1076 1513 tmagno

59 1521 99 1563 ac
121 1496 248 1562 infinito
272 1519 376 1582 prope
399 1518 533 1561 numero
556 1519 622 1561 non
649 1497 794 1562 tamen
785 1503 832 1561 ιιι
798 1462 937 1562 tmull
924 1503 990 1583 tos,
1020 1500 1076 1583 qui

60 1586 248 1651 tolerabiles
271 1586 403 1650 uideant
389 1589 456 1671 t,ur
487 1585 560 1686 qui·
571 1607 647 1650 uero
677 1585 836 1650 excellant
840 1609 977 1688 ,quam
999 1610 1076 1672 pau-

59 1675 207 1740 cissimos
229 1678 286 1739 aut
308 1675 446 1739 fortasse
475 1673 638 1738 neminem
660 1673 788 1739 liceat
742 1675 932 1740 tmuenire.
978 1681 1075 1760 atque

58 1763 156 1829 huius
185 1762 314 1849 quidem
342 1763 538 1828 incommodi
565 1762 662 1846 culpa
689 1763 772 1828 unde
800 1764 993 1851 manauerit,
1023 1787 1074 1830 ex·
1089 1793 1115 1835 ιι

57 1874 187 1937 ponam.
240 1851 387 1916 Primum
419 1851 500 1916 illud
532 1851 566 1916 in
599 1851 851 1917 controuersiam
883 1875 949 1918 non
981 1854 1075 1938 cadit,

58 1963 124 2025 quo
148 1940 289 2024 quidque
313 1940 546 2026 praestantius,
572 1963 609 2006 ιο
632 1940 828 2006 laboriosius
851 1963 888 2006 ac
912 1941 1075 2007 difficilius

59 2050 139 2094 esse.
184 2027 306 2112 alioqui
335 2028 456 2093 nihil
446 2051 512 2093 ram
542 2028 720 2094 excelleret.
768 2030 854 2115 quod
883 2030 970 2095 enim
1002 2053 1074 2096 con·

58 2119 271 2217 sequerentur
300 2116 410 2203 multi,
442 2117 476 2180 in
508 2139 546 2182 eo
580 2117 685 2203 digmt
686 2140 721 2181 as
753 2139 819 2218 non
852 2124 936 2183 esset
968 2124 1001 2183 ιι
1033 2141 1073 2183 ιι

57 2205 154 2287 copia
176 2202 302 2269 utilitas
326 2204 504 2270 exsisteret
551 2206 637 2270 est
628 2205 690 2292 rgit
691 2228 730 2269 ur
757 2204 792 2270 in
818 2207 947 2306 magnis
974 2208 1072 2271 rebus
1087 2237 1113 2277 rc

57 2294 140 2358 item
170 2313 307 2445 magna,
335 2315 416 2377 quae
445 2317 505 2359 nos
535 2294 576 2358 ab
608 2315 718 2358 earum
747 2293 840 2377 quasi
870 2294 1073 2377 possessione

57 2385 160 2464 arcet,
188 2384 329 2445 constrtu
330 2380 573 2448 tadifficultas.
619 2383 698 2447 haec
725 2404 822 2466 porro
847 2381 985 2466 simplex
1008 2404 1074 2446 non

58 2474 122 2554 est,
159 2469 260 2534 scd
251 2492 285 2533 ιιι
318 2386 380 2535 duo
417 2493 536 2558 genera
572 2471 735 2536 diuiditur.
790 2471 947 2555 quaedam
979 2470 1073 2555 enim,

58 2520 154 2622 sicdti
182 2557 369 2624 existimant
371 2581 499 2643 ur,1a
453 2560 499 2624 iat
526 2557 670 2625 difficilia
698 2564 786 2644 sunt,
815 2560 970 2644 quaedam
998 2582 1071 2624 cum

56 2668 124 2711 non
148 2646 373 2712 existimentur
378 2652 522 2734 ,tamen
549 2653 633 2713 sunt.
611 2648 737 2713 tubi
765 2647 902 2712 difficult
888 2653 939 2712 tas
966 2652 998 2713 ιι
1022 2653 1071 2713 ιιι
1085 2677 1111 2718 ιι

58 2739 92 2798 ιι
116 2740 264 2821 apparet,
292 2735 365 2801 inde
390 2735 565 2801 multitudo
588 2736 790 2801 uoluntatem
814 2740 900 2800 ιιιι
886 2736 1013 2800 tudium
1035 2737 1071 2799 li-

58 2823 174 2887 benter
187 2824 327 2889 abducit.
350 2846 419 2889 rem
434 2823 563 2908 quidem
577 2824 690 2909 ipsam,
709 2824 822 2908 quanti
842 2829 900 2909 est,
919 2823 1071 2906 opinione

57 2911 265 2977 aestimamus
298 2916 331 2976 ιι
361 2913 570 2977 uehementer
601 2911 792 2998 expetimus.
837 2911 964 2997 magnis
994 2932 1071 2975 uero

56 2998 227 3065 laboribus
255 3004 288 3065 et
310 3000 433 3086 uigiliis
456 3005 494 3065 ut
517 3005 654 3085 ematur,
683 3021 750 3064 non
777 2999 871 3064 facile
900 2998 1071 3083 quisquam

56 3110 76 3151 a
100 3110 133 3153 se
157 3088 230 3173 ipso
253 3088 416 3173 impetrat.
453 3093 541 3153 emat
559 3089 644 3154 enim
662 3087 803 3153 hominis
825 3091 941 3151 natura
963 3088 1069 3153 mode·
1083 3118 1110 3159 ιο

56 3180 161 3240 ratam
185 3176 327 3261 quietem
351 3198 451 3260 eaque
474 3177 572 3242 alitur
595 3181 628 3242 et
651 3175 776 3261 crescit3
803 3175 919 3240 nimias
942 3182 1070 3242 conten-

55 3265 177 3349 tiones,
213 3265 332 3349 quibus
364 3265 525 3352 frangitur
556 3287 593 3330 ac
624 3265 795 3349 minuitur,
832 3269 966 3330 recusat.
1012 3266 1070 3330 ubi

55 3375 133 3418 uero
164 3353 258 3418 facile
288 3353 321 3419 in
352 3353 491 3438 speciem
521 3354 644 3439 aliquid
673 3353 866 3438 ostenditur,
896 3353 1070 3418 difficultas

54 3442 181 3506 inclusa
203 3442 292 3506 latet.
339 3442 518 3507 cuiusmodi
544 3465 610 3507 non
638 3465 707 3508 esse
732 3464 835 3527 pauca
862 3441 967 3505 inanis
989 3440 1069 3505 mul-

54 3536 164 3595 torum
196 3529 305 3595 docuit
337 3530 545 3615 experientia.
591 3553 629 3596 eo
661 3531 860 3615 frequentes,
892 3529 978 3592 bona
1010 3548 1068 3611 spe
1082 3548 1111 3593 ιι
