2452 3862
571 383 606 446 L.

230 527 300 590 Pio
318 524 373 589 IV.
409 524 597 589 Pontifici
620 521 783 587 Maximo
808 531 894 600 (VIII,
912 532 945 597 1).

83 713 86 717 ·
174 667 258 744 Quid
281 670 375 730 antea
398 665 436 729 de
460 665 579 729 litteris
607 685 643 728 ac
670 663 764 728 bonis
788 664 913 728 artibus
937 663 1097 727 existima-

85 756 180 839 ueris,
202 756 259 819 Pie
278 753 343 839 IV,
364 754 457 818 Pont.
480 753 575 839 Max,
599 774 695 836 quam
718 774 845 835 semper
868 751 967 815 fueris
990 752 1098 816 hodie-

79 867 148 928 ·que
176 844 220 908 sis
247 843 363 906 adeas
391 841 574 906 excitandas
604 839 824 924 ornandasque
848 839 1010 923 praeclare
1033 840 1098 903 ani·
1125 862 1138 901 5

83 936 201 1017 matuS,
225 935 257 995 et
281 952 390 995 omnes
413 929 626 1012 iampridem
648 932 768 992 norunt
792 932 824 992 et
848 950 908 1014 ego
932 928 1097 1011 superiore

85 1044 170 1085 anno
194 1043 265 1084 sum
288 1014 450 1103 expertus,
473 1039 545 1082 cum
569 1040 606 1081 eo
630 1039 681 1080 me
710 1017 843 1081 oonsilio
866 1017 1003 1081 Romam
1026 1039 1098 1080 euo-

85 1108 175 1193 casti,
189 1112 225 1172 ut
240 1129 346 1171 sacros
360 1106 532 1190 praecipue
546 1105 649 1169 libros
663 1106 704 1168 ab
724 1105 958 1169 haereticorum
976 1105 1098 1169 nefaria

86 1202 177 1280 peste
207 1195 386 1259 uindicatos
416 1194 542 1259 ederem
575 1215 671 1277 quam
702 1193 814 1257 liceret
842 1193 1098 1257 emendatissime

87 1291 119 1348 et
147 1285 182 1348 in
210 1284 270 1347 hac
297 1282 504 1367 elegantioris
532 1280 610 1346 olim
642 1280 804 1344 doctrinae
836 1284 970 1363 parente
1002 1285 1098 1363 atque
1117 1304 1140 1341 ιο

87 1373 208 1455 altrice,
230 1391 315 1434 nunc
338 1370 521 1433 diuinorum
544 1367 769 1432 institutorum
792 1368 922 1432 custode
953 1388 989 1430 ac
1012 1390 1101 1450 prae-

89 1460 157 1522 side
170 1458 260 1521 Vrbe
275 1460 469 1540 perpetuum
487 1477 576 1519 meae
591 1455 677 1519 uitae
692 1455 891 1519 domicilium
904 1455 1100 1519 collocarem.

88 1569 161 1610 oum
184 1545 246 1608 ista
269 1548 376 1608 mente
399 1543 524 1627 istaque
548 1543 588 1606 ad
606 1544 688 1607 bene
707 1544 868 1628 agendum
886 1543 1101 1626 propensione

84 1657 247 1699 summam
279 1636 474 1716 potestatem
506 1631 673 1696 coniunxit
699 1631 801 1717 Deus,
832 1654 898 1696 non
929 1631 1034 1696 solum
1066 1636 1102 1695 ut

88 1722 313 1806 impendentes
344 1720 437 1804 Reip.
466 1719 665 1784 Christianae
698 1719 897 1784 calamitates
930 1724 1141 1804 auerteres,15

87 1811 174 1895 quod
197 1833 216 1874 a
238 1814 271 1874 te
295 1809 400 1874 curari
423 1808 552 1895 egregie
578 1812 674 1892 atque
699 1808 782 1873 effici
811 1830 921 1873 omnes
951 1809 1102 1892 fatentur,

88 1922 201 1963 uerum
225 1898 323 1962 etiam
350 1901 386 1961 ut
413 1920 432 1961 a
455 1897 587 1981 publica
610 1918 685 1961 cura
708 1896 817 1962 oculos
845 1896 1008 1960 interdum
1030 1918 1102 1961 con-

89 1991 232 2051 uerteres
251 1987 291 2049 ad
309 1986 511 2068 priuatorum
529 1986 739 2069 incommoda,
762 2007 862 2069 eaque
877 2006 949 2048 cum
968 1985 1102 2062 uideres,

91 2095 187 2156 opem
210 2074 339 2136 afferres
367 2095 433 2137 non
455 2095 514 2155 pro
539 2073 692 2157 cuiusque
713 2072 864 2157 libidine,
892 2073 947 2137 sed
974 2073 1103 2156 1119111-

92 2160 174 2224 dicio
189 2183 225 2222 ac
243 2159 402 2242 sapientia
425 2163 489 2223 tua.
526 2160 604 2224 haec
621 2182 672 2224 me
687 2160 841 2244 cogitatio
861 2160 915 2223 diu
930 2165 1103 2246 uerentem,
1118 2182 1143 2221 ao

90 2271 131 2312 ne
160 2247 324 2330 appellare
351 2246 469 2311 litteris
495 2246 674 2311 Maximum
702 2246 823 2311 Christi
845 2246 1023 2330 Vicarium,
1051 2270 1103 2311 ex-

92 2338 264 2401 cubantem
288 2335 395 2399 animo
420 2356 547 2418 semper
569 2356 629 2418 pro
653 2334 852 2399 Christianae
875 2334 968 2417 Reip.
992 2334 1104 2418 salute,

91 2424 311 2508 impudentiae
340 2428 451 2506 posset
480 2423 633 2508 adscribi,
664 2424 706 2487 ab
739 2421 875 2508 ancipiti
903 2422 1036 2488 consilio
1065 2425 1104 2487 ad

90 2518 212 2577 certam
235 2512 429 2577 sententiam
452 2511 617 2577 reuocauit
640 2511 816 2595 efficitque,
844 2515 881 2575 ut
905 2533 941 2574 99
964 2512 1104 2577 scribere

88 2603 225 2664 audeam
245 2623 325 2685 quae
344 2623 385 2665 ne
404 2622 511 2665 coram
529 2622 666 2686 agerem,
689 2600 856 2664 maiestate
876 2603 932 2665 tua
955 2599 1104 2685 primum,
1120 2621 1145 2661 25

92 2689 205 2751 deinde
239 2689 336 2753 etiam
372 2689 495 2772 pudore
532 2690 671 2772 quodam
707 2710 779 2753 meo
816 2711 887 2752 sum
924 2689 1104 2752 deterritus

93 2776 212 2839 Totum
234 2776 296 2839 hoe
318 2776 524 2859 imprimendi
547 2799 676 2861 munus,
705 2776 791 2860 quod
813 2776 894 2840 mihi
922 2798 940 2839 a
963 2779 995 2839 te
1019 2797 1106 2839 man-

93 2865 204 2927 datum
223 2885 282 2946 pro
301 2886 372 2927 mea
390 2864 452 2927 fide
471 2885 556 2949 curo,
580 2866 658 2929 duas
676 2865 776 2927 habet
795 2867 917 2947 partes:
940 2862 1105 2945 publicam

91 2975 203 3036 unam,
231 2973 312 3034 quae
335 2951 376 3014 ad
398 2973 600 3017 communem
627 2952 807 3016 animorum
833 2949 1009 3014 utilitatem
1036 2972 1105 3033 per·

92 3041 184 3124 tinet,
207 3043 244 3102 ut
268 3061 285 3102 e
308 3039 406 3104 sacris
428 3039 521 3104 libris
544 3040 687 3105 maculae
712 3060 822 3103 omnes
846 3037 1006 3124 eluantur3
1029 3039 1106 3103 alte·
1120 3061 1146 3099 ao

93 3151 163 3193 ram
186 3127 362 3211 priuatam,
385 3131 422 3192 ut
445 3150 482 3192 ea
504 3128 585 3192 mihi
608 3126 738 3191 interim
762 3129 950 3210 suppetant,
974 3149 1055 3211 quae
1079 3128 1106 3191 si

94 3216 212 3298 absint,
231 3237 356 3280 mecum
371 3220 403 3280 et
418 3237 491 3280 cum
505 3216 585 3280 meis
604 3220 719 3301 agatur
737 3215 977 3280 incommodius.
1015 3215 1106 3293 Quod
1172 3289 1174 3294 Ι

94 3305 134 3367 ad
157 3303 299 3387 priorem
322 3304 448 3389 attinet,
470 3306 608 3368 facerem
627 3307 823 3389 arroganter,
846 3303 874 3368 si
896 3304 959 3368 tibi
982 3308 1107 3369 tantam

94 3414 175 3476 rem,
204 3414 267 3476 qua
293 3392 402 3457 nescio
430 3414 471 3460 an
494 3392 560 3458 ulla
587 3392 691 3477 magis
718 3392 779 3456 hoc
803 3391 932 3476 quidem
960 3395 1106 3472 tempore

94 3481 247 3544 omnibus
267 3480 426 3565 expediat,
449 3479 595 3545 studeam
611 3480 843 3565 commendare,
862 3501 935 3562 cum
954 3481 1107 3562 quattuor
1121 3497 1147 3537 ³5
