<?xml version="1.0" encoding="UTF-8"?>
<!DOCTYPE html PUBLIC "-//W3C//DTD XHTML 1.0 Transitional//EN"
    "http://www.w3.org/TR/xhtml1/DTD/xhtml1-transitional.dtd">
<html xmlns="http://www.w3.org/1999/xhtml" xml:lang="en" lang="en">
 <head>
  <title>
</title>
<meta http-equiv="Content-Type" content="text/html;charset=utf-8" />
  <meta name='ocr-system' content='tesseract 3.04.00' />
  <meta name='ocr-capabilities' content='ocr_page ocr_carea ocr_par ocr_line ocrx_word'/>
</head>
<body>
  <div class='ocr_page' id='page_1' title='image "./paulimanutiiepi01fickgoog_0086.png"; bbox 0 0 2452 3862; ppageno 0'>
   <div class='ocr_carea' id='block_1_1' title="bbox 367 174 1169 251">
    <p class='ocr_par' dir='ltr' id='par_1_1' title="bbox 367 174 1169 251">
     <span class='ocr_line' id='line_1_1' title="bbox 367 174 1169 251; baseline -0.005 -14"><span class='ocrx_word' id='word_1_1' title='bbox 367 179 492 237; x_wconf 76' lang='lat' dir='ltr'><strong>XXXIV.</strong></span> <span class='ocrx_word' id='word_1_2' title='bbox 512 179 777 251; x_wconf 73' lang='lat' dir='ltr'><strong>Stephano-Soulia.</strong></span> <span class='ocrx_word' id='word_1_3' title='bbox 1000 174 1004 180; x_wconf 77' lang='grc'><strong>’</strong></span> <span class='ocrx_word' id='word_1_4' title='bbox 1039 179 1080 244; x_wconf 76' lang='grc'><strong>73</strong></span> <span class='ocrx_word' id='word_1_5' title='bbox 1168 237 1169 240; x_wconf 11' lang='lat'>¹</span> 
     </span>
    </p>
   </div>
   <div class='ocr_carea' id='block_1_2' title="bbox 62 339 1138 3604">
    <p class='ocr_par' dir='ltr' id='par_1_2' title="bbox 62 339 1138 3604">
     <span class='ocr_line' id='line_1_2' title="bbox 66 339 1083 429; baseline -0.005 -19"><span class='ocrx_word' id='word_1_6' title='bbox 66 347 105 410; x_wconf 84' lang='lat' dir='ltr'><strong>in</strong></span> <span class='ocrx_word' id='word_1_7' title='bbox 137 349 170 410; x_wconf 92' lang='lat' dir='ltr'><strong>te</strong></span> <span class='ocrx_word' id='word_1_8' title='bbox 202 365 266 409; x_wconf 93' lang='lat' dir='ltr'><strong>uno</strong></span> <span class='ocrx_word' id='word_1_9' title='bbox 299 342 465 407; x_wconf 91' lang='lat' dir='ltr'><strong>abundant</strong></span> <span class='ocrx_word' id='word_1_10' title='bbox 492 341 612 427; x_wconf 73' lang='lat' dir='ltr'><strong>omnia,</strong></span> <span class='ocrx_word' id='word_1_11' title='bbox 643 340 823 429; x_wconf 84' lang='lat' dir='ltr'><strong>ingenium,</strong></span> <span class='ocrx_word' id='word_1_12' title='bbox 856 361 933 406; x_wconf 87' lang='lat' dir='ltr'><strong>usus</strong></span> <span class='ocrx_word' id='word_1_13' title='bbox 961 339 1083 405; x_wconf 86' lang='lat' dir='ltr'><strong>diutur-</strong></span> 
     </span>
     <span class='ocr_line' id='line_1_3' title="bbox 66 430 1083 518; baseline -0.008 -18"><span class='ocrx_word' id='word_1_14' title='bbox 66 456 138 518; x_wconf 88' lang='lat' dir='ltr'><strong>nus,</strong></span> <span class='ocrx_word' id='word_1_15' title='bbox 161 431 314 515; x_wconf 87' lang='lat' dir='ltr'><strong>doctrina,</strong></span> <span class='ocrx_word' id='word_1_16' title='bbox 341 430 504 496; x_wconf 89' lang='lat' dir='ltr'><strong>iudicium.</strong></span> <span class='ocrx_word' id='word_1_17' title='bbox 542 430 642 515; x_wconf 85' lang='lat' dir='ltr'><strong>quid?</strong></span> <span class='ocrx_word' id='word_1_18' title='bbox 674 453 753 516; x_wconf 92' lang='lat' dir='ltr'><strong>opes</strong></span> <span class='ocrx_word' id='word_1_19' title='bbox 780 434 813 495; x_wconf 87' lang='lat' dir='ltr'><strong>et</strong></span> <span class='ocrx_word' id='word_1_20' title='bbox 840 430 970 494; x_wconf 90' lang='lat' dir='ltr'><strong>fortuna</strong></span> <span class='ocrx_word' id='word_1_21' title='bbox 992 450 1083 493; x_wconf 92' lang='lat' dir='ltr'><strong>num·</strong></span> 
     </span>
     <span class='ocr_line' id='line_1_4' title="bbox 67 517 1084 606; baseline -0.004 -20"><span class='ocrx_word' id='word_1_22' title='bbox 67 522 146 606; x_wconf 91' lang='lat' dir='ltr'><strong>quid</strong></span> <span class='ocrx_word' id='word_1_23' title='bbox 177 520 240 585; x_wconf 90' lang='lat' dir='ltr'><strong>huo</strong></span> <span class='ocrx_word' id='word_1_24' title='bbox 274 519 465 605; x_wconf 76' lang='lat' dir='ltr'><strong>pertinent?</strong></span> <span class='ocrx_word' id='word_1_25' title='bbox 510 519 585 584; x_wconf 91' lang='lat' dir='ltr'><strong>illae</strong></span> <span class='ocrx_word' id='word_1_26' title='bbox 622 541 700 585; x_wconf 89' lang='lat' dir='ltr'><strong>uero</strong></span> <span class='ocrx_word' id='word_1_27' title='bbox 736 539 808 583; x_wconf 91' lang='lat' dir='ltr'><strong>mea</strong></span> <span class='ocrx_word' id='word_1_28' title='bbox 840 517 999 582; x_wconf 88' lang='lat' dir='ltr'><strong>sententia</strong></span> <span class='ocrx_word' id='word_1_29' title='bbox 1031 517 1084 582; x_wconf 90' lang='lat' dir='ltr'><strong>uel</strong></span> 
     </span>
     <span class='ocr_line' id='line_1_5' title="bbox 64 605 1081 694; baseline -0.006 -19"><span class='ocrx_word' id='word_1_30' title='bbox 64 610 213 675; x_wconf 82' lang='lat' dir='ltr'><strong>maxime.</strong></span> <span class='ocrx_word' id='word_1_31' title='bbox 260 628 388 674; x_wconf 88' lang='lat' dir='ltr'><strong>cursum</strong></span> <span class='ocrx_word' id='word_1_32' title='bbox 412 607 498 672; x_wconf 90' lang='lat' dir='ltr'><strong>enim</strong></span> <span class='ocrx_word' id='word_1_33' title='bbox 521 608 725 694; x_wconf 89' lang='lat' dir='ltr'><strong>ingeniorum</strong></span> <span class='ocrx_word' id='word_1_34' title='bbox 748 606 899 691; x_wconf 86' lang='lat' dir='ltr'><strong>retardat,</strong></span> <span class='ocrx_word' id='word_1_35' title='bbox 922 605 1008 670; x_wconf 91' lang='lat' dir='ltr'><strong>uires</strong></span> <span class='ocrx_word' id='word_1_36' title='bbox 1031 605 1081 670; x_wconf 91' lang='lat' dir='ltr'><strong>de·</strong></span> 
     </span>
     <span class='ocr_line' id='line_1_6' title="bbox 67 693 1125 783; baseline -0.005 -21"><span class='ocrx_word' id='word_1_37' title='bbox 67 697 177 762; x_wconf 91' lang='lat' dir='ltr'><strong>bilitat</strong></span> <span class='ocrx_word' id='word_1_38' title='bbox 200 719 237 762; x_wconf 92' lang='lat' dir='ltr'><strong>ac</strong></span> <span class='ocrx_word' id='word_1_39' title='bbox 259 696 382 783; x_wconf 75' lang='lat' dir='ltr'><strong>trangit</strong></span> <span class='ocrx_word' id='word_1_40' title='bbox 405 695 523 781; x_wconf 89' lang='lat' dir='ltr'><strong>inopia.</strong></span> <span class='ocrx_word' id='word_1_41' title='bbox 569 718 611 761; x_wconf 88' lang='lat' dir='ltr'><strong>an</strong></span> <span class='ocrx_word' id='word_1_42' title='bbox 638 701 675 762; x_wconf 88' lang='lat' dir='ltr'><strong>tu</strong></span> <span class='ocrx_word' id='word_1_43' title='bbox 698 698 795 781; x_wconf 89' lang='lat' dir='ltr'><strong>putas</strong></span> <span class='ocrx_word' id='word_1_44' title='bbox 817 693 1027 760; x_wconf 74' lang='lat' dir='ltr'><strong>Aristotelem</strong></span> <span class='ocrx_word' id='word_1_45' title='bbox 1051 698 1084 759; x_wconf 91' lang='lat' dir='ltr'><strong>et</strong></span> <span class='ocrx_word' id='word_1_46' title='bbox 1112 717 1125 757; x_wconf 79' lang='lat' dir='ltr'><strong>r</strong></span> 
     </span>
     <span class='ocr_line' id='line_1_7' title="bbox 66 783 1085 870; baseline -0.005 -19"><span class='ocrx_word' id='word_1_47' title='bbox 66 786 250 869; x_wconf 77' lang='lat' dir='ltr'><strong>Platonem,</strong></span> <span class='ocrx_word' id='word_1_48' title='bbox 269 785 325 850; x_wconf 88' lang='lat' dir='ltr'><strong>illa</strong></span> <span class='ocrx_word' id='word_1_49' title='bbox 339 784 490 850; x_wconf 79' lang='lat' dir='ltr'><strong>Graeciae</strong></span> <span class='ocrx_word' id='word_1_50' title='bbox 508 784 639 870; x_wconf 89' lang='lat' dir='ltr'><strong>lumina,</strong></span> <span class='ocrx_word' id='word_1_51' title='bbox 660 807 701 849; x_wconf 89' lang='lat' dir='ltr'><strong>an</strong></span> <span class='ocrx_word' id='word_1_52' title='bbox 722 783 908 849; x_wconf 76' lang='lat' dir='ltr'><strong>Ciceronem</strong></span> <span class='ocrx_word' id='word_1_53' title='bbox 929 786 1085 865; x_wconf 90' lang='lat' dir='ltr'><strong>nostrum,</strong></span> 
     </span>
     <span class='ocr_line' id='line_1_8' title="bbox 62 870 1086 958; baseline -0.004 -20"><span class='ocrx_word' id='word_1_54' title='bbox 62 897 110 939; x_wconf 88' lang='lat' dir='ltr'><strong>an</strong></span> <span class='ocrx_word' id='word_1_55' title='bbox 132 873 275 939; x_wconf 89' lang='lat' dir='ltr'><strong>Plinium</strong></span> <span class='ocrx_word' id='word_1_56' title='bbox 297 877 364 938; x_wconf 87' lang='lat' dir='ltr'><strong>tam</strong></span> <span class='ocrx_word' id='word_1_57' title='bbox 386 873 490 938; x_wconf 83' lang='lat' dir='ltr'><strong>multa</strong></span> <span class='ocrx_word' id='word_1_58' title='bbox 511 873 657 958; x_wconf 90' lang='lat' dir='ltr'><strong>potuisse</strong></span> <span class='ocrx_word' id='word_1_59' title='bbox 679 872 798 938; x_wconf 88' lang='lat' dir='ltr'><strong>litteris</strong></span> <span class='ocrx_word' id='word_1_60' title='bbox 826 871 993 954; x_wconf 87' lang='lat' dir='ltr'><strong>mandare,</strong></span> <span class='ocrx_word' id='word_1_61' title='bbox 1022 870 1086 935; x_wconf 91' lang='lat' dir='ltr'><strong>nisi</strong></span> 
     </span>
     <span class='ocr_line' id='line_1_9' title="bbox 67 958 1086 1045; baseline -0.004 -17"><span class='ocrx_word' id='word_1_62' title='bbox 67 984 231 1028; x_wconf 87' lang='lat' dir='ltr'><strong>summum</strong></span> <span class='ocrx_word' id='word_1_63' title='bbox 242 961 307 1027; x_wconf 91' lang='lat' dir='ltr'><strong>illis</strong></span> <span class='ocrx_word' id='word_1_64' title='bbox 317 961 420 1027; x_wconf 89' lang='lat' dir='ltr'><strong>otium</strong></span> <span class='ocrx_word' id='word_1_65' title='bbox 432 983 539 1027; x_wconf 89' lang='lat' dir='ltr'><strong>rerum</strong></span> <span class='ocrx_word' id='word_1_66' title='bbox 549 962 693 1027; x_wconf 89' lang='lat' dir='ltr'><strong>omnium</strong></span> <span class='ocrx_word' id='word_1_67' title='bbox 703 960 869 1025; x_wconf 88' lang='lat' dir='ltr'><strong>affluentia</strong></span> <span class='ocrx_word' id='word_1_68' title='bbox 883 958 1086 1045; x_wconf 76' lang='lat' dir='ltr'><strong>peperisset?</strong></span> 
     </span>
     <span class='ocr_line' id='line_1_10' title="bbox 67 1048 1087 1139; baseline -0.004 -23"><span class='ocrx_word' id='word_1_69' title='bbox 67 1051 155 1116; x_wconf 94' lang='lat' dir='ltr'><strong>domi</strong></span> <span class='ocrx_word' id='word_1_70' title='bbox 179 1050 310 1115; x_wconf 87' lang='lat' dir='ltr'><strong>alebant</strong></span> <span class='ocrx_word' id='word_1_71' title='bbox 335 1071 446 1116; x_wconf 90' lang='lat' dir='ltr'><strong>seruos</strong></span> <span class='ocrx_word' id='word_1_72' title='bbox 469 1050 627 1139; x_wconf 83' lang='lat' dir='ltr'><strong>eruditos,</strong></span> <span class='ocrx_word' id='word_1_73' title='bbox 650 1048 897 1115; x_wconf 82' lang='lat' dir='ltr'><strong>contubernales</strong></span> <span class='ocrx_word' id='word_1_74' title='bbox 919 1049 1087 1113; x_wconf 90' lang='lat' dir='ltr'><strong>habebant</strong></span> 
     </span>
     <span class='ocr_line' id='line_1_11' title="bbox 67 1136 1127 1224; baseline -0.005 -20"><span class='ocrx_word' id='word_1_75' title='bbox 67 1139 197 1204; x_wconf 90' lang='lat' dir='ltr'><strong>eximiis</strong></span> <span class='ocrx_word' id='word_1_76' title='bbox 220 1138 374 1224; x_wconf 88' lang='lat' dir='ltr'><strong>praemiis</strong></span> <span class='ocrx_word' id='word_1_77' title='bbox 397 1139 567 1204; x_wconf 87' lang='lat' dir='ltr'><strong>accersitos</strong></span> <span class='ocrx_word' id='word_1_78' title='bbox 591 1161 631 1202; x_wconf 88' lang='lat' dir='ltr'><strong>ex</strong></span> <span class='ocrx_word' id='word_1_79' title='bbox 654 1137 778 1203; x_wconf 87' lang='lat' dir='ltr'><strong>ultimis</strong></span> <span class='ocrx_word' id='word_1_80' title='bbox 800 1138 909 1221; x_wconf 91' lang='lat' dir='ltr'><strong>terris,</strong></span> <span class='ocrx_word' id='word_1_81' title='bbox 932 1136 1086 1221; x_wconf 82' lang='lat' dir='ltr'><strong>rhetores,</strong></span> <span class='ocrx_word' id='word_1_82' title='bbox 1100 1159 1127 1199; x_wconf 82' lang='lat' dir='ltr'><strong>ro</strong></span> 
     </span>
     <span class='ocr_line' id='line_1_12' title="bbox 68 1225 1088 1313; baseline -0.004 -21"><span class='ocrx_word' id='word_1_83' title='bbox 68 1227 251 1312; x_wconf 84' lang='lat' dir='ltr'><strong>historicos,</strong></span> <span class='ocrx_word' id='word_1_84' title='bbox 275 1226 471 1312; x_wconf 83' lang='lat' dir='ltr'><strong>praestantis</strong></span> <span class='ocrx_word' id='word_1_85' title='bbox 494 1227 617 1313; x_wconf 86' lang='lat' dir='ltr'><strong>ingenii</strong></span> <span class='ocrx_word' id='word_1_86' title='bbox 637 1226 810 1312; x_wconf 83' lang='lat' dir='ltr'><strong>singularis</strong></span> <span class='ocrx_word' id='word_1_87' title='bbox 834 1225 998 1290; x_wconf 88' lang='lat' dir='ltr'><strong>doctrinae</strong></span> <span class='ocrx_word' id='word_1_88' title='bbox 1017 1225 1088 1309; x_wconf 92' lang='lat' dir='ltr'><strong>phi-</strong></span> 
     </span>
     <span class='ocr_line' id='line_1_13' title="bbox 68 1314 1087 1399; baseline -0.005 -19"><span class='ocrx_word' id='word_1_89' title='bbox 68 1316 235 1399; x_wconf 87' lang='lat' dir='ltr'><strong>losophos.</strong></span> <span class='ocrx_word' id='word_1_90' title='bbox 281 1337 355 1379; x_wconf 89' lang='lat' dir='ltr'><strong>cum</strong></span> <span class='ocrx_word' id='word_1_91' title='bbox 377 1314 429 1378; x_wconf 92' lang='lat' dir='ltr'><strong>his</strong></span> <span class='ocrx_word' id='word_1_92' title='bbox 452 1336 486 1379; x_wconf 86' lang='lat' dir='ltr'><strong>se</strong></span> <span class='ocrx_word' id='word_1_93' title='bbox 516 1314 661 1397; x_wconf 87' lang='lat' dir='ltr'><strong>quotidie</strong></span> <span class='ocrx_word' id='word_1_94' title='bbox 690 1314 896 1397; x_wconf 86' lang='lat' dir='ltr'><strong>exercebant,</strong></span> <span class='ocrx_word' id='word_1_95' title='bbox 930 1333 1087 1376; x_wconf 90' lang='lat' dir='ltr'><strong>commen-</strong></span> 
     </span>
     <span class='ocr_line' id='line_1_14' title="bbox 66 1401 1089 1487; baseline -0.004 -20"><span class='ocrx_word' id='word_1_96' title='bbox 66 1405 237 1487; x_wconf 82' lang='lat' dir='ltr'><strong>tabantur,</strong></span> <span class='ocrx_word' id='word_1_97' title='bbox 255 1402 479 1486; x_wconf 86' lang='lat' dir='ltr'><strong>disputabant:</strong></span> <span class='ocrx_word' id='word_1_98' title='bbox 501 1402 618 1466; x_wconf 91' lang='lat' dir='ltr'><strong>horum</strong></span> <span class='ocrx_word' id='word_1_99' title='bbox 637 1401 780 1466; x_wconf 91' lang='lat' dir='ltr'><strong>omnium</strong></span> <span class='ocrx_word' id='word_1_100' title='bbox 800 1421 907 1483; x_wconf 90' lang='lat' dir='ltr'><strong>opera,</strong></span> <span class='ocrx_word' id='word_1_101' title='bbox 931 1402 1089 1483; x_wconf 86' lang='lat' dir='ltr'><strong>quatenus</strong></span> 
     </span>
     <span class='ocr_line' id='line_1_15' title="bbox 67 1486 1090 1575; baseline -0.005 -20"><span class='ocrx_word' id='word_1_102' title='bbox 67 1492 198 1575; x_wconf 91' lang='lat' dir='ltr'><strong>liberet,</strong></span> <span class='ocrx_word' id='word_1_103' title='bbox 221 1490 406 1554; x_wconf 89' lang='lat' dir='ltr'><strong>utebantur.</strong></span> <span class='ocrx_word' id='word_1_104' title='bbox 451 1493 485 1553; x_wconf 89' lang='lat' dir='ltr'><strong>at</strong></span> <span class='ocrx_word' id='word_1_105' title='bbox 508 1510 568 1575; x_wconf 87' lang='lat' dir='ltr'><strong>ego</strong></span> <span class='ocrx_word' id='word_1_106' title='bbox 593 1493 758 1573; x_wconf 89' lang='lat' dir='ltr'><strong>sumptum</strong></span> <span class='ocrx_word' id='word_1_107' title='bbox 787 1487 883 1553; x_wconf 89' lang='lat' dir='ltr'><strong>unius</strong></span> <span class='ocrx_word' id='word_1_108' title='bbox 912 1486 1005 1571; x_wconf 90' lang='lat' dir='ltr'><strong>pueri</strong></span> <span class='ocrx_word' id='word_1_109' title='bbox 1032 1486 1090 1551; x_wconf 92' lang='lat' dir='ltr'><strong>mi-</strong></span> 
     </span>
     <span class='ocr_line' id='line_1_16' title="bbox 67 1575 1129 1662; baseline -0.006 -18"><span class='ocrx_word' id='word_1_110' title='bbox 67 1579 160 1644; x_wconf 90' lang='lat' dir='ltr'><strong>nima</strong></span> <span class='ocrx_word' id='word_1_111' title='bbox 181 1577 326 1642; x_wconf 88' lang='lat' dir='ltr'><strong>mercede</strong></span> <span class='ocrx_word' id='word_1_112' title='bbox 349 1577 512 1662; x_wconf 89' lang='lat' dir='ltr'><strong>conducti,</strong></span> <span class='ocrx_word' id='word_1_113' title='bbox 541 1598 606 1661; x_wconf 95' lang='lat' dir='ltr'><strong>quo</strong></span> <span class='ocrx_word' id='word_1_114' title='bbox 628 1577 663 1641; x_wconf 92' lang='lat' dir='ltr'><strong>in</strong></span> <span class='ocrx_word' id='word_1_115' title='bbox 686 1575 855 1641; x_wconf 88' lang='lat' dir='ltr'><strong>scribendo</strong></span> <span class='ocrx_word' id='word_1_116' title='bbox 879 1580 971 1661; x_wconf 92' lang='lat' dir='ltr'><strong>utor,</strong></span> <span class='ocrx_word' id='word_1_117' title='bbox 994 1596 1089 1660; x_wconf 82' lang='lat' dir='ltr'><strong>aegre</strong></span> <span class='ocrx_word' id='word_1_118' title='bbox 1103 1596 1129 1638; x_wconf 80' lang='lat' dir='ltr'><strong>ra</strong></span> 
     </span>
     <span class='ocr_line' id='line_1_17' title="bbox 66 1663 1087 1752; baseline -0.005 -20"><span class='ocrx_word' id='word_1_119' title='bbox 66 1667 223 1734; x_wconf 87' lang='lat' dir='ltr'><strong>sustineo.</strong></span> <span class='ocrx_word' id='word_1_120' title='bbox 268 1665 313 1730; x_wconf 80' lang='lat' dir='ltr'><strong>Idt</strong></span> <span class='ocrx_word' id='word_1_121' title='bbox 336 1665 371 1729; x_wconf 93' lang='lat' dir='ltr'><strong>in</strong></span> <span class='ocrx_word' id='word_1_122' title='bbox 393 1665 445 1730; x_wconf 88' lang='lat' dir='ltr'><strong>his</strong></span> <span class='ocrx_word' id='word_1_123' title='bbox 467 1664 640 1752; x_wconf 76' lang='lat' dir='ltr'><strong>angustiiS,</strong></span> <span class='ocrx_word' id='word_1_124' title='bbox 667 1664 702 1729; x_wconf 90' lang='lat' dir='ltr'><strong>in</strong></span> <span class='ocrx_word' id='word_1_125' title='bbox 724 1665 785 1730; x_wconf 92' lang='lat' dir='ltr'><strong>hac</strong></span> <span class='ocrx_word' id='word_1_126' title='bbox 813 1685 884 1728; x_wconf 91' lang='lat' dir='ltr'><strong>mea</strong></span> <span class='ocrx_word' id='word_1_127' title='bbox 907 1667 975 1728; x_wconf 90' lang='lat' dir='ltr'><strong>tam</strong></span> <span class='ocrx_word' id='word_1_128' title='bbox 997 1663 1087 1728; x_wconf 91' lang='lat' dir='ltr'><strong>tenui</strong></span> 
     </span>
     <span class='ocr_line' id='line_1_18' title="bbox 65 1752 1090 1839; baseline -0.004 -19"><span class='ocrx_word' id='word_1_129' title='bbox 65 1755 274 1839; x_wconf 89' lang='lat' dir='ltr'><strong>ualetudine,</strong></span> <span class='ocrx_word' id='word_1_130' title='bbox 302 1758 370 1819; x_wconf 89' lang='lat' dir='ltr'><strong>tam</strong></span> <span class='ocrx_word' id='word_1_131' title='bbox 393 1754 528 1819; x_wconf 88' lang='lat' dir='ltr'><strong>aduersa</strong></span> <span class='ocrx_word' id='word_1_132' title='bbox 550 1755 688 1839; x_wconf 89' lang='lat' dir='ltr'><strong>fortuna,</strong></span> <span class='ocrx_word' id='word_1_133' title='bbox 715 1753 792 1837; x_wconf 87' lang='lat' dir='ltr'><strong>quia</strong></span> <span class='ocrx_word' id='word_1_134' title='bbox 815 1752 910 1818; x_wconf 90' lang='lat' dir='ltr'><strong>rudes</strong></span> <span class='ocrx_word' id='word_1_135' title='bbox 932 1752 1090 1835; x_wconf 88' lang='lat' dir='ltr'><strong>homines,</strong></span> 
     </span>
     <span class='ocr_line' id='line_1_19' title="bbox 69 1841 1089 1928; baseline -0.004 -20"><span class='ocrx_word' id='word_1_136' title='bbox 69 1844 191 1910; x_wconf 86' lang='lat' dir='ltr'><strong>ueteris</strong></span> <span class='ocrx_word' id='word_1_137' title='bbox 214 1843 416 1928; x_wconf 90' lang='lat' dir='ltr'><strong>eloquentiae</strong></span> <span class='ocrx_word' id='word_1_138' title='bbox 442 1842 590 1928; x_wconf 88' lang='lat' dir='ltr'><strong>cupidos,</strong></span> <span class='ocrx_word' id='word_1_139' title='bbox 618 1842 699 1908; x_wconf 86' lang='lat' dir='ltr'><strong>meis</strong></span> <span class='ocrx_word' id='word_1_140' title='bbox 726 1841 855 1926; x_wconf 89' lang='lat' dir='ltr'><strong>scriptis</strong></span> <span class='ocrx_word' id='word_1_141' title='bbox 881 1863 947 1906; x_wconf 94' lang='lat' dir='ltr'><strong>non</strong></span> <span class='ocrx_word' id='word_1_142' title='bbox 979 1841 1089 1905; x_wconf 88' lang='lat' dir='ltr'><strong>erudio</strong></span> 
     </span>
     <span class='ocr_line' id='line_1_20' title="bbox 67 1928 1089 2016; baseline -0.004 -20"><span class='ocrx_word' id='word_1_143' title='bbox 67 1954 130 1997; x_wconf 86' lang='lat' dir='ltr'><strong>nec</strong></span> <span class='ocrx_word' id='word_1_144' title='bbox 152 1933 187 1998; x_wconf 91' lang='lat' dir='ltr'><strong>in</strong></span> <span class='ocrx_word' id='word_1_145' title='bbox 209 1938 331 1997; x_wconf 91' lang='lat' dir='ltr'><strong>rectam</strong></span> <span class='ocrx_word' id='word_1_146' title='bbox 359 1931 459 1996; x_wconf 88' lang='lat' dir='ltr'><strong>latino</strong></span> <span class='ocrx_word' id='word_1_147' title='bbox 487 1931 649 1997; x_wconf 89' lang='lat' dir='ltr'><strong>scribendi</strong></span> <span class='ocrx_word' id='word_1_148' title='bbox 672 1931 760 1996; x_wconf 91' lang='lat' dir='ltr'><strong>uiam</strong></span> <span class='ocrx_word' id='word_1_149' title='bbox 783 1930 912 2016; x_wconf 87' lang='lat' dir='ltr'><strong>induco,</strong></span> <span class='ocrx_word' id='word_1_150' title='bbox 943 1928 1089 2014; x_wconf 87' lang='lat' dir='ltr'><strong>appellas</strong></span> 
     </span>
     <span class='ocr_line' id='line_1_21' title="bbox 68 2017 1129 2106; baseline -0.007 -21"><span class='ocrx_word' id='word_1_151' title='bbox 68 2044 132 2106; x_wconf 91' lang='lat' dir='ltr'><strong>me,</strong></span> <span class='ocrx_word' id='word_1_152' title='bbox 147 2021 238 2105; x_wconf 88' lang='lat' dir='ltr'><strong>quasi</strong></span> <span class='ocrx_word' id='word_1_153' title='bbox 251 2020 373 2084; x_wconf 90' lang='lat' dir='ltr'><strong>malum</strong></span> <span class='ocrx_word' id='word_1_154' title='bbox 387 2019 574 2104; x_wconf 82' lang='lat' dir='ltr'><strong>debitorem,</strong></span> <span class='ocrx_word' id='word_1_155' title='bbox 587 2024 687 2103; x_wconf 89' lang='lat' dir='ltr'><strong>atque</strong></span> <span class='ocrx_word' id='word_1_156' title='bbox 706 2019 804 2084; x_wconf 90' lang='lat' dir='ltr'><strong>etiam</strong></span> <span class='ocrx_word' id='word_1_157' title='bbox 823 2039 960 2104; x_wconf 83' lang='lat' dir='ltr'><strong>accusas„</strong></span> <span class='ocrx_word' id='word_1_158' title='bbox 976 2017 1085 2083; x_wconf 84' lang='lat' dir='ltr'><strong>uerbis</strong></span> <span class='ocrx_word' id='word_1_159' title='bbox 1099 2038 1129 2079; x_wconf 83' lang='lat' dir='ltr'><strong>ao</strong></span> 
     </span>
     <span class='ocr_line' id='line_1_22' title="bbox 68 2106 1092 2192; baseline -0.002 -19"><span class='ocrx_word' id='word_1_160' title='bbox 68 2114 108 2173; x_wconf 91' lang='lat' dir='ltr'><strong>tu</strong></span> <span class='ocrx_word' id='word_1_161' title='bbox 147 2107 277 2192; x_wconf 91' lang='lat' dir='ltr'><strong>quidem</strong></span> <span class='ocrx_word' id='word_1_162' title='bbox 298 2106 539 2172; x_wconf 85' lang='lat' dir='ltr'><strong>humanissimis</strong></span> <span class='ocrx_word' id='word_1_163' title='bbox 562 2110 596 2171; x_wconf 90' lang='lat' dir='ltr'><strong>et</strong></span> <span class='ocrx_word' id='word_1_164' title='bbox 613 2107 727 2191; x_wconf 86' lang='lat' dir='ltr'><strong>alieno,</strong></span> <span class='ocrx_word' id='word_1_165' title='bbox 749 2112 786 2172; x_wconf 87' lang='lat' dir='ltr'><strong>ut</strong></span> <span class='ocrx_word' id='word_1_166' title='bbox 804 2106 933 2190; x_wconf 89' lang='lat' dir='ltr'><strong>uideris,</strong></span> <span class='ocrx_word' id='word_1_167' title='bbox 953 2106 1092 2190; x_wconf 91' lang='lat' dir='ltr'><strong>nomine,</strong></span> 
     </span>
     <span class='ocr_line' id='line_1_23' title="bbox 69 2190 1093 2280; baseline -0.005 -19"><span class='ocrx_word' id='word_1_168' title='bbox 69 2219 107 2261; x_wconf 90' lang='lat' dir='ltr'><strong>re</strong></span> <span class='ocrx_word' id='word_1_169' title='bbox 130 2190 241 2260; x_wconf 67' lang='lat' dir='ltr'><strong>lamen</strong></span> <span class='ocrx_word' id='word_1_170' title='bbox 262 2195 335 2277; x_wconf 90' lang='lat' dir='ltr'><strong>ipsa</strong></span> <span class='ocrx_word' id='word_1_171' title='bbox 358 2193 502 2279; x_wconf 86' lang='lat' dir='ltr'><strong>grauiter</strong></span> <span class='ocrx_word' id='word_1_172' title='bbox 524 2197 566 2277; x_wconf 91' lang='lat' dir='ltr'><strong>et,</strong></span> <span class='ocrx_word' id='word_1_173' title='bbox 589 2198 626 2257; x_wconf 91' lang='lat' dir='ltr'><strong>ut</strong></span> <span class='ocrx_word' id='word_1_174' title='bbox 649 2216 710 2280; x_wconf 88' lang='lat' dir='ltr'><strong>ego</strong></span> <span class='ocrx_word' id='word_1_175' title='bbox 735 2193 943 2276; x_wconf 89' lang='lat' dir='ltr'><strong>interpretor,</strong></span> <span class='ocrx_word' id='word_1_176' title='bbox 965 2198 1023 2257; x_wconf 93' lang='lat' dir='ltr'><strong>tuo</strong></span> <span class='ocrx_word' id='word_1_177' title='bbox 1046 2193 1093 2256; x_wconf 91' lang='lat' dir='ltr'><strong>iu-</strong></span> 
     </span>
     <span class='ocr_line' id='line_1_24' title="bbox 63 2279 1093 2366; baseline -0.005 -18"><span class='ocrx_word' id='word_1_178' title='bbox 63 2285 170 2365; x_wconf 89' lang='lat' dir='ltr'><strong>dicio,</strong></span> <span class='ocrx_word' id='word_1_179' title='bbox 203 2280 290 2366; x_wconf 93' lang='lat' dir='ltr'><strong>quod</strong></span> <span class='ocrx_word' id='word_1_180' title='bbox 322 2302 435 2346; x_wconf 89' lang='lat' dir='ltr'><strong>uereor</strong></span> <span class='ocrx_word' id='word_1_181' title='bbox 461 2280 495 2345; x_wconf 92' lang='lat' dir='ltr'><strong>in</strong></span> <span class='ocrx_word' id='word_1_182' title='bbox 523 2281 639 2366; x_wconf 79' lang='lat' dir='ltr'><strong>primis</strong></span> <span class='ocrx_word' id='word_1_183' title='bbox 664 2280 825 2364; x_wconf 90' lang='lat' dir='ltr'><strong>facioque,</strong></span> <span class='ocrx_word' id='word_1_184' title='bbox 857 2279 952 2344; x_wconf 91' lang='lat' dir='ltr'><strong>sicuti</strong></span> <span class='ocrx_word' id='word_1_185' title='bbox 981 2279 1093 2364; x_wconf 90' lang='lat' dir='ltr'><strong>debeo,</strong></span> 
     </span>
     <span class='ocr_line' id='line_1_25' title="bbox 71 2366 1093 2458; baseline -0.005 -22"><span class='ocrx_word' id='word_1_186' title='bbox 71 2370 216 2458; x_wconf 88' lang='lat' dir='ltr'><strong>plurimi.</strong></span> <span class='ocrx_word' id='word_1_187' title='bbox 262 2373 484 2434; x_wconf 88' lang='lat' dir='ltr'><strong>uerumtamcn</strong></span> <span class='ocrx_word' id='word_1_188' title='bbox 513 2369 623 2434; x_wconf 86' lang='lat' dir='ltr'><strong>uidere</strong></span> <span class='ocrx_word' id='word_1_189' title='bbox 651 2373 684 2434; x_wconf 92' lang='lat' dir='ltr'><strong>te</strong></span> <span class='ocrx_word' id='word_1_190' title='bbox 713 2373 808 2453; x_wconf 92' lang='lat' dir='ltr'><strong>puto,</strong></span> <span class='ocrx_word' id='word_1_191' title='bbox 835 2389 934 2453; x_wconf 91' lang='lat' dir='ltr'><strong>quam</strong></span> <span class='ocrx_word' id='word_1_192' title='bbox 961 2366 1093 2432; x_wconf 88' lang='lat' dir='ltr'><strong>faculta-</strong></span> 
     </span>
     <span class='ocr_line' id='line_1_26' title="bbox 71 2455 1132 2543; baseline -0.004 -19"><span class='ocrx_word' id='word_1_193' title='bbox 71 2467 142 2525; x_wconf 89' lang='lat' dir='ltr'><strong>tem</strong></span> <span class='ocrx_word' id='word_1_194' title='bbox 164 2481 215 2524; x_wconf 89' lang='lat' dir='ltr'><strong>res</strong></span> <span class='ocrx_word' id='word_1_195' title='bbox 238 2457 405 2523; x_wconf 90' lang='lat' dir='ltr'><strong>desideret.</strong></span> <span class='ocrx_word' id='word_1_196' title='bbox 443 2457 520 2543; x_wconf 92' lang='lat' dir='ltr'><strong>quid</strong></span> <span class='ocrx_word' id='word_1_197' title='bbox 542 2461 652 2522; x_wconf 87' lang='lat' dir='ltr'><strong>autem</strong></span> <span class='ocrx_word' id='word_1_198' title='bbox 681 2457 837 2542; x_wconf 87' lang='lat' dir='ltr'><strong>praestari</strong></span> <span class='ocrx_word' id='word_1_199' title='bbox 860 2478 880 2520; x_wconf 90' lang='lat' dir='ltr'><strong>a</strong></span> <span class='ocrx_word' id='word_1_200' title='bbox 902 2477 953 2520; x_wconf 92' lang='lat' dir='ltr'><strong>me</strong></span> <span class='ocrx_word' id='word_1_201' title='bbox 976 2455 1091 2541; x_wconf 87' lang='lat' dir='ltr'><strong>possit,</strong></span> <span class='ocrx_word' id='word_1_202' title='bbox 1106 2477 1132 2520; x_wconf 79' lang='lat' dir='ltr'><strong>aa</strong></span> 
     </span>
     <span class='ocr_line' id='line_1_27' title="bbox 72 2544 1091 2632; baseline -0.004 -19"><span class='ocrx_word' id='word_1_203' title='bbox 72 2570 168 2613; x_wconf 90' lang='lat' dir='ltr'><strong>nemo</strong></span> <span class='ocrx_word' id='word_1_204' title='bbox 193 2547 350 2632; x_wconf 92' lang='lat' dir='ltr'><strong>omnium,</strong></span> <span class='ocrx_word' id='word_1_205' title='bbox 381 2544 438 2630; x_wconf 92' lang='lat' dir='ltr'><strong>qui</strong></span> <span class='ocrx_word' id='word_1_206' title='bbox 461 2546 591 2632; x_wconf 91' lang='lat' dir='ltr'><strong>uiuunt,</strong></span> <span class='ocrx_word' id='word_1_207' title='bbox 618 2568 670 2611; x_wconf 92' lang='lat' dir='ltr'><strong>me</strong></span> <span class='ocrx_word' id='word_1_208' title='bbox 693 2546 766 2630; x_wconf 87' lang='lat' dir='ltr'><strong>ipso</strong></span> <span class='ocrx_word' id='word_1_209' title='bbox 788 2545 904 2610; x_wconf 86' lang='lat' dir='ltr'><strong>melius</strong></span> <span class='ocrx_word' id='word_1_210' title='bbox 926 2545 1091 2632; x_wconf 85' lang='lat' dir='ltr'><strong>intelligit.</strong></span> 
     </span>
     <span class='ocr_line' id='line_1_28' title="bbox 74 2633 1092 2722; baseline -0.004 -21"><span class='ocrx_word' id='word_1_211' title='bbox 74 2658 175 2722; x_wconf 89' lang='lat' dir='ltr'><strong>quare</strong></span> <span class='ocrx_word' id='word_1_212' title='bbox 197 2636 266 2701; x_wconf 90' lang='lat' dir='ltr'><strong>noli</strong></span> <span class='ocrx_word' id='word_1_213' title='bbox 284 2634 365 2700; x_wconf 89' lang='lat' dir='ltr'><strong>mihi</strong></span> <span class='ocrx_word' id='word_1_214' title='bbox 383 2635 574 2722; x_wconf 82' lang='lat' dir='ltr'><strong>languorem</strong></span> <span class='ocrx_word' id='word_1_215' title='bbox 592 2639 649 2700; x_wconf 86' lang='lat' dir='ltr'><strong>aut</strong></span> <span class='ocrx_word' id='word_1_216' title='bbox 667 2634 821 2700; x_wconf 85' lang='lat' dir='ltr'><strong>desidiam</strong></span> <span class='ocrx_word' id='word_1_217' title='bbox 840 2633 990 2718; x_wconf 90' lang='lat' dir='ltr'><strong>obiicere,</strong></span> <span class='ocrx_word' id='word_1_218' title='bbox 1011 2656 1092 2717; x_wconf 91' lang='lat' dir='ltr'><strong>quae</strong></span> 
     </span>
     <span class='ocr_line' id='line_1_29' title="bbox 71 2721 1094 2809; baseline -0.005 -20"><span class='ocrx_word' id='word_1_219' title='bbox 71 2725 189 2790; x_wconf 86' lang='lat' dir='ltr'><strong>abesse</strong></span> <span class='ocrx_word' id='word_1_220' title='bbox 214 2723 365 2809; x_wconf 91' lang='lat' dir='ltr'><strong>procula</strong></span> <span class='ocrx_word' id='word_1_221' title='bbox 388 2746 450 2809; x_wconf 92' lang='lat' dir='ltr'><strong>me,</strong></span> <span class='ocrx_word' id='word_1_222' title='bbox 474 2723 531 2806; x_wconf 93' lang='lat' dir='ltr'><strong>qui</strong></span> <span class='ocrx_word' id='word_1_223' title='bbox 554 2726 719 2788; x_wconf 86' lang='lat' dir='ltr'><strong>anteactae</strong></span> <span class='ocrx_word' id='word_1_224' title='bbox 741 2743 831 2787; x_wconf 89' lang='lat' dir='ltr'><strong>meae</strong></span> <span class='ocrx_word' id='word_1_225' title='bbox 853 2721 941 2786; x_wconf 90' lang='lat' dir='ltr'><strong>uitae</strong></span> <span class='ocrx_word' id='word_1_226' title='bbox 964 2743 1094 2786; x_wconf 89' lang='lat' dir='ltr'><strong>cursum</strong></span> 
     </span>
     <span class='ocr_line' id='line_1_30' title="bbox 77 2807 1094 2897; baseline -0.008 -19"><span class='ocrx_word' id='word_1_227' title='bbox 77 2812 230 2897; x_wconf 90' lang='lat' dir='ltr'><strong>inspiciet</strong></span> <span class='ocrx_word' id='word_1_228' title='bbox 267 2816 364 2896; x_wconf 91' lang='lat' dir='ltr'><strong>atque</strong></span> <span class='ocrx_word' id='word_1_229' title='bbox 403 2811 616 2896; x_wconf 84' lang='lat' dir='ltr'><strong>examinabit,</strong></span> <span class='ocrx_word' id='word_1_230' title='bbox 652 2810 746 2875; x_wconf 87' lang='lat' dir='ltr'><strong>facile</strong></span> <span class='ocrx_word' id='word_1_231' title='bbox 778 2813 960 2895; x_wconf 82' lang='lat' dir='ltr'><strong>cognoscet.</strong></span> <span class='ocrx_word' id='word_1_232' title='bbox 1015 2807 1094 2872; x_wconf 89' lang='lat' dir='ltr'><strong>satis</strong></span> 
     </span>
     <span class='ocr_line' id='line_1_31' title="bbox 75 2894 1137 2985; baseline -0.009 -18"><span class='ocrx_word' id='word_1_233' title='bbox 75 2902 209 2985; x_wconf 90' lang='lat' dir='ltr'><strong>habeas,</strong></span> <span class='ocrx_word' id='word_1_234' title='bbox 232 2899 260 2965; x_wconf 89' lang='lat' dir='ltr'><strong>si</strong></span> <span class='ocrx_word' id='word_1_235' title='bbox 279 2921 373 2963; x_wconf 91' lang='lat' dir='ltr'><strong>nemo</strong></span> <span class='ocrx_word' id='word_1_236' title='bbox 392 2899 489 2963; x_wconf 90' lang='lat' dir='ltr'><strong>istam</strong></span> <span class='ocrx_word' id='word_1_237' title='bbox 507 2899 542 2963; x_wconf 90' lang='lat' dir='ltr'><strong>in</strong></span> <span class='ocrx_word' id='word_1_238' title='bbox 560 2903 593 2963; x_wconf 92' lang='lat' dir='ltr'><strong>te</strong></span> <span class='ocrx_word' id='word_1_239' title='bbox 612 2898 741 2982; x_wconf 89' lang='lat' dir='ltr'><strong>culpam</strong></span> <span class='ocrx_word' id='word_1_240' title='bbox 760 2898 913 2980; x_wconf 86' lang='lat' dir='ltr'><strong>conferat,</strong></span> <span class='ocrx_word' id='word_1_241' title='bbox 937 2894 1003 2980; x_wconf 91' lang='lat' dir='ltr'><strong>qui,</strong></span> <span class='ocrx_word' id='word_1_242' title='bbox 1022 2916 1095 2959; x_wconf 93' lang='lat' dir='ltr'><strong>cum</strong></span> <span class='ocrx_word' id='word_1_243' title='bbox 1110 2917 1137 2957; x_wconf 81' lang='lat' dir='ltr'><strong>ao</strong></span> 
     </span>
     <span class='ocr_line' id='line_1_32' title="bbox 66 2982 1097 3076; baseline -0.009 -21"><span class='ocrx_word' id='word_1_244' title='bbox 66 2989 209 3076; x_wconf 86' lang='lat' dir='ltr'><strong>ingenio</strong></span> <span class='ocrx_word' id='word_1_245' title='bbox 241 2991 399 3072; x_wconf 79' lang='lat' dir='ltr'><strong>precatae,</strong></span> <span class='ocrx_word' id='word_1_246' title='bbox 434 2990 575 3052; x_wconf 84' lang='lat' dir='ltr'><strong>aetatem</strong></span> <span class='ocrx_word' id='word_1_247' title='bbox 609 3007 737 3051; x_wconf 90' lang='lat' dir='ltr'><strong>omnem</strong></span> <span class='ocrx_word' id='word_1_248' title='bbox 773 2985 808 3049; x_wconf 91' lang='lat' dir='ltr'><strong>in</strong></span> <span class='ocrx_word' id='word_1_249' title='bbox 837 2984 952 3049; x_wconf 89' lang='lat' dir='ltr'><strong>Latina</strong></span> <span class='ocrx_word' id='word_1_250' title='bbox 983 2982 1097 3070; x_wconf 88' lang='lat' dir='ltr'><strong>lingua</strong></span> 
     </span>
     <span class='ocr_line' id='line_1_33' title="bbox 75 3071 1097 3159; baseline -0.008 -16"><span class='ocrx_word' id='word_1_251' title='bbox 75 3077 282 3143; x_wconf 89' lang='lat' dir='ltr'><strong>contriueris.</strong></span> <span class='ocrx_word' id='word_1_252' title='bbox 328 3098 368 3141; x_wconf 91' lang='lat' dir='ltr'><strong>ex</strong></span> <span class='ocrx_word' id='word_1_253' title='bbox 393 3095 456 3159; x_wconf 90' lang='lat' dir='ltr'><strong>quo</strong></span> <span class='ocrx_word' id='word_1_254' title='bbox 480 3076 686 3158; x_wconf 89' lang='lat' dir='ltr'><strong>factumest,</strong></span> <span class='ocrx_word' id='word_1_255' title='bbox 715 3077 753 3138; x_wconf 91' lang='lat' dir='ltr'><strong>ut</strong></span> <span class='ocrx_word' id='word_1_256' title='bbox 776 3094 846 3137; x_wconf 90' lang='lat' dir='ltr'><strong>eam</strong></span> <span class='ocrx_word' id='word_1_257' title='bbox 869 3072 1012 3156; x_wconf 83' lang='lat' dir='ltr'><strong>perfecte</strong></span> <span class='ocrx_word' id='word_1_258' title='bbox 1035 3071 1097 3137; x_wconf 90' lang='lat' dir='ltr'><strong>oal-</strong></span> 
     </span>
     <span class='ocr_line' id='line_1_34' title="bbox 79 3160 1097 3250; baseline -0.005 -20"><span class='ocrx_word' id='word_1_259' title='bbox 79 3167 157 3250; x_wconf 88' lang='lat' dir='ltr'><strong>leas,</strong></span> <span class='ocrx_word' id='word_1_260' title='bbox 180 3165 214 3229; x_wconf 92' lang='lat' dir='ltr'><strong>id</strong></span> <span class='ocrx_word' id='word_1_261' title='bbox 233 3163 319 3249; x_wconf 91' lang='lat' dir='ltr'><strong>quod</strong></span> <span class='ocrx_word' id='word_1_262' title='bbox 337 3167 469 3228; x_wconf 87' lang='lat' dir='ltr'><strong>tuorum</strong></span> <span class='ocrx_word' id='word_1_263' title='bbox 486 3162 681 3247; x_wconf 89' lang='lat' dir='ltr'><strong>scriptorum</strong></span> <span class='ocrx_word' id='word_1_264' title='bbox 699 3161 864 3226; x_wconf 89' lang='lat' dir='ltr'><strong>subtilitas</strong></span> <span class='ocrx_word' id='word_1_265' title='bbox 883 3165 916 3226; x_wconf 90' lang='lat' dir='ltr'><strong>ct</strong></span> <span class='ocrx_word' id='word_1_266' title='bbox 936 3160 1097 3249; x_wconf 91' lang='lat' dir='ltr'><strong>elegantia</strong></span> 
     </span>
     <span class='ocr_line' id='line_1_35' title="bbox 76 3249 1097 3337; baseline -0.003 -20"><span class='ocrx_word' id='word_1_267' title='bbox 76 3253 234 3337; x_wconf 90' lang='lat' dir='ltr'><strong>declarat,</strong></span> <span class='ocrx_word' id='word_1_268' title='bbox 262 3273 335 3317; x_wconf 90' lang='lat' dir='ltr'><strong>cum</strong></span> <span class='ocrx_word' id='word_1_269' title='bbox 363 3251 582 3317; x_wconf 88' lang='lat' dir='ltr'><strong>ualetudinem</strong></span> <span class='ocrx_word' id='word_1_270' title='bbox 603 3272 670 3314; x_wconf 94' lang='lat' dir='ltr'><strong>non</strong></span> <span class='ocrx_word' id='word_1_271' title='bbox 698 3249 871 3334; x_wconf 87' lang='lat' dir='ltr'><strong>desideres,</strong></span> <span class='ocrx_word' id='word_1_272' title='bbox 899 3249 966 3315; x_wconf 91' lang='lat' dir='ltr'><strong>otio</strong></span> <span class='ocrx_word' id='word_1_273' title='bbox 995 3270 1097 3335; x_wconf 89' lang='lat' dir='ltr'><strong>paene</strong></span> 
     </span>
     <span class='ocr_line' id='line_1_36' title="bbox 77 3338 1138 3423; baseline -0.01 -17"><span class='ocrx_word' id='word_1_274' title='bbox 77 3342 218 3406; x_wconf 85' lang='lat' dir='ltr'><strong>diffluas.</strong></span> <span class='ocrx_word' id='word_1_275' title='bbox 264 3340 346 3405; x_wconf 90' lang='lat' dir='ltr'><strong>addo</strong></span> <span class='ocrx_word' id='word_1_276' title='bbox 369 3340 468 3405; x_wconf 88' lang='lat' dir='ltr'><strong>etiam</strong></span> <span class='ocrx_word' id='word_1_277' title='bbox 490 3338 588 3423; x_wconf 93' lang='lat' dir='ltr'><strong>illud,</strong></span> <span class='ocrx_word' id='word_1_278' title='bbox 610 3360 684 3403; x_wconf 92' lang='lat' dir='ltr'><strong>cum</strong></span> <span class='ocrx_word' id='word_1_279' title='bbox 707 3338 829 3423; x_wconf 92' lang='lat' dir='ltr'><strong>optime</strong></span> <span class='ocrx_word' id='word_1_280' title='bbox 852 3339 915 3404; x_wconf 90' lang='lat' dir='ltr'><strong>tibi</strong></span> <span class='ocrx_word' id='word_1_281' title='bbox 938 3360 1012 3403; x_wconf 90' lang='lat' dir='ltr'><strong>cum</strong></span> <span class='ocrx_word' id='word_1_282' title='bbox 1035 3339 1098 3401; x_wconf 86' lang='lat' dir='ltr'><strong>for·</strong></span> <span class='ocrx_word' id='word_1_283' title='bbox 1111 3354 1138 3395; x_wconf 71' lang='lat' dir='ltr'><strong>aa</strong></span> 
     </span>
     <span class='ocr_line' id='line_1_37' title="bbox 81 3425 1099 3512; baseline -0.008 -18"><span class='ocrx_word' id='word_1_284' title='bbox 81 3434 162 3494; x_wconf 89' lang='lat' dir='ltr'><strong>tuna</strong></span> <span class='ocrx_word' id='word_1_285' title='bbox 185 3429 363 3494; x_wconf 87' lang='lat' dir='ltr'><strong>conueniat.</strong></span> <span class='ocrx_word' id='word_1_286' title='bbox 410 3450 492 3512; x_wconf 86' lang='lat' dir='ltr'><strong>quae</strong></span> <span class='ocrx_word' id='word_1_287' title='bbox 516 3427 580 3492; x_wconf 91' lang='lat' dir='ltr'><strong>tibi</strong></span> <span class='ocrx_word' id='word_1_288' title='bbox 603 3427 642 3491; x_wconf 92' lang='lat' dir='ltr'><strong>de</strong></span> <span class='ocrx_word' id='word_1_289' title='bbox 657 3427 723 3492; x_wconf 92' lang='lat' dir='ltr'><strong>suis</strong></span> <span class='ocrx_word' id='word_1_290' title='bbox 748 3427 844 3493; x_wconf 86' lang='lat' dir='ltr'><strong>bonis</strong></span> <span class='ocrx_word' id='word_1_291' title='bbox 868 3432 997 3491; x_wconf 90' lang='lat' dir='ltr'><strong>tantum</strong></span> <span class='ocrx_word' id='word_1_292' title='bbox 1020 3425 1099 3488; x_wconf 90' lang='lat' dir='ltr'><strong>elar-</strong></span> 
     </span>
     <span class='ocr_line' id='line_1_38' title="bbox 79 3511 1098 3604; baseline -0.008 -22"><span class='ocrx_word' id='word_1_293' title='bbox 79 3518 152 3604; x_wconf 88' lang='lat' dir='ltr'><strong>gita</strong></span> <span class='ocrx_word' id='word_1_294' title='bbox 175 3521 233 3601; x_wconf 87' lang='lat' dir='ltr'><strong>est,</strong></span> <span class='ocrx_word' id='word_1_295' title='bbox 257 3521 293 3581; x_wconf 91' lang='lat' dir='ltr'><strong>ut</strong></span> <span class='ocrx_word' id='word_1_296' title='bbox 316 3537 449 3602; x_wconf 86' lang='lat' dir='ltr'><strong>erogare</strong></span> <span class='ocrx_word' id='word_1_297' title='bbox 473 3515 678 3600; x_wconf 83' lang='lat' dir='ltr'><strong>quantemuis</strong></span> <span class='ocrx_word' id='word_1_298' title='bbox 702 3516 872 3599; x_wconf 88' lang='lat' dir='ltr'><strong>pecuniam</strong></span> <span class='ocrx_word' id='word_1_299' title='bbox 894 3515 929 3577; x_wconf 94' lang='lat' dir='ltr'><strong>in</strong></span> <span class='ocrx_word' id='word_1_300' title='bbox 950 3511 1098 3576; x_wconf 87' lang='lat' dir='ltr'><strong>homines</strong></span> 
     </span>
    </p>
   </div>
   <div class='ocr_carea' id='block_1_3' title="bbox 0 0 1230 3862">
    <p class='ocr_par' dir='ltr' id='par_1_3' title="bbox 0 0 1230 3862">
     <span class='ocr_line' id='line_1_39' title="bbox 0 0 1230 3862; baseline 0 0"><span class='ocrx_word' id='word_1_301' title='bbox 0 0 1230 3862; x_wconf 95' lang='lat' dir='ltr'><strong> </strong></span> 
     </span>
    </p>
   </div>
  </div>
 </body>
</html>
