2452 3862
158 163 223 227 142
468 159 591 217 LXVIII.
614 158 715 216 Ioenni
733 157 858 216 cratoni.

593 391 737 456 LXVIII.

335 533 470 599 loanni
494 532 651 599 cratoni
674 531 861 599 Viennam
884 542 948 614 (IX,
965 543 1005 611 o).

246 676 342 744 Nunc
365 676 495 741 demum
522 674 641 740 exoriri
669 674 750 740 mihi
777 674 889 740 uideor
917 679 951 740 et
981 678 1084 761 quasi
1114 684 1186 764 post

158 766 295 833 multam
321 768 451 831 noctem
477 764 583 829 lucem
610 763 761 849 adipisci,
791 785 941 829 reuersus
970 771 1056 848 post
1088 789 1185 835 annos

131 857 268 920 sdecem
290 855 325 919 in
351 853 491 938 patriam
519 853 560 917 ab
589 852 672 917 urbe
694 852 812 935 Roma,
837 852 922 918 unde
950 875 1005 919 me
1035 855 1184 930 laborem

157 944 285 1009 nullum
312 965 373 1027 pro
402 941 596 1027 publicare
627 940 853 1025 communique
882 943 1062 1009 commodo
1101 966 1183 1012 reeu-

158 1037 283 1098 santem
311 1031 420 1117 grauis
442 1031 576 1095 morbus
602 1051 640 1094 ac
663 1029 834 1094 diuturnus
862 1031 1013 1096 extrusit.
1073 1032 1182 1100 eratu-

157 1122 268 1186 lantur
285 1120 389 1205 amici,
412 1118 648 1203 amplexantur,
669 1116 829 1183 laetitiam
851 1118 965 1204 oculis,
988 1121 1102 1207 uultu,
1125 1145 1181 1189 ser·

158 1232 254 1275 mone
281 1208 454 1273 declarant.
497 1207 569 1272 Hoc
591 1205 672 1271 mihi
695 1206 962 1274 iucundissimum
987 1213 1052 1296 est,
1078 1211 1180 1278 sedin

119 1301 219 1364 rohao
250 1297 449 1364 iucunditate
482 1318 584 1382 angor
617 1317 713 1380 saepe
744 1295 868 1360 intimis
901 1297 1078 1384 sensibus,
1109 1301 1180 1364 dum

158 1388 322 1471 recordor,
350 1385 428 1470 quid
455 1385 608 1468 iacturae,
639 1384 793 1468 quamdiu
814 1384 937 1450 Romae
962 1385 1053 1473 uixi,
1078 1387 1179 1455 studia

158 1500 231 1541 mea
253 1474 397 1559 fecerint,
420 1476 458 1538 de
483 1473 610 1558 quibus,
634 1495 830 1557 quamquam
847 1473 999 1575 intelligo
1020 1498 1094 1544 non
1111 1499 1179 1542 eum

158 1565 933 1737 detesettle?stretfelda,
952 1570 1177 1740 wlff

120 1759 146 1801 15
160 1741 315 1826 oportuit.
361 1739 470 1822 Certe,
493 1740 521 1804 si
544 1739 688 1804 diuinare
711 1739 864 1805 licuisset.
908 1739 1053 1828 Verum,
1082 1743 1178 1813 sires

159 1831 264 1893 adhuc
286 1829 414 1913 integra
437 1832 587 1911 ponatur,
610 1828 706 1892 eundi
730 1828 901 1894 consilium
924 1829 982 1913 qui
1006 1831 1178 1917 reprehen-

160 1918 224 1999 dat,
238 1917 375 1980 fortasse
388 1937 484 1980 nemo
499 1915 551 1980 sit.
578 1915 784 1982 Laborabem
798 1915 985 1985 domesticis
1004 1919 1178 1986 incommo

160 2005 209 2069 dis
236 2004 374 2069 fratrum
400 2026 546 2068 meorum
573 2005 670 2089 culpa
691 2027 751 2070 neo
778 2028 853 2091 spes
883 2010 954 2072 erat
982 2007 1177 2097 emergendi,

159 2093 224 2158 nisi
254 2115 341 2157 noua
370 2093 504 2159 consilia
540 2098 740 2177 caperentur.
784 2094 935 2160 Vocabar
967 2117 987 2160 a
1020 2098 1178 2164 Pontifice

120 2205 147 2244 20
160 2182 254 2267 Max„
277 2206 341 2268 quo
360 2182 442 2248 nihil
461 2182 563 2247 uideri
582 2187 712 2266 poterat
733 2183 1013 2252 honorificentius:
1038 2187 1180 2252 fructum

161 2277 269 2338 autem
293 2273 365 2356 quis
386 2295 453 2337 non
476 2271 683 2356 expectoret?
730 2270 992 2339 dehortabantur
1021 2273 1181 2361 amplissi-

160 2362 206 2426 mi
234 2361 310 2444 uiri,
336 2383 475 2445 quorum
502 2383 579 2447 erga
608 2382 659 2426 me
689 2359 887 2446 singularem
914 2362 1182 2430 beneuolentiam

161 2449 273 2514 multis
300 2450 399 2514 rebus
427 2452 521 2513 antea
552 2471 789 2533 perspexeram.
834 2449 921 2515 laeta
948 2451 1107 2538 denique,
1135 2474 1182 2518 ce

141 2537 264 2619 ⁴piosa,
286 2536 395 2620 ample
418 2537 459 2600 ab
484 2537 636 2602 omnibus
660 2542 754 2603 antea
772 2538 1061 2623 promittebantur.
1105 2539 1183 2627 quid

122 2643 149 2685 as
163 2625 314 2710 egerem?
360 2623 478 2688 credidi
515 2628 548 2689 et
585 2627 727 2713 speraui,
758 2631 797 2692 ut
822 2628 889 2693 fere
922 2649 1036 2694 sumus
1070 2651 1182 2695 omnes

162 2713 310 2778 homines
332 2713 394 2776 hoc
421 2711 566 2798 ingenio,
588 2717 627 2777 ut
655 2736 704 2799 ea,
735 2737 816 2800 quae
838 2715 1007 2801 cupimus,
1038 2718 1182 2785 libenter

163 2824 292 2886 quoque
316 2822 490 2886 speremus.
536 2824 731 2887 quamquam
753 2805 815 2870 hoc
836 2804 951 2889 leuius,
975 2806 1067 2889 quod
1090 2829 1183 2892 spem

161 2890 314 2955 fefellerit
337 2894 486 2974 euentus3
512 2913 579 2956 non
601 2895 669 2956 tam
693 2892 779 2957 enim
802 2893 966 2959 abundare
991 2916 1094 2978 quam
1118 2918 1184 2962 non

161 3001 257 3065 egere
280 2982 411 3065 gratum
434 2983 495 3044 est:
518 2979 599 3044 illud
621 3002 779 3065 perquam
802 3004 915 3070 graue,
938 2983 1028 3066 quod
1051 2983 1183 3070 perpeti

124 3087 151 3127 eo
164 3089 260 3149 saepe
279 3067 382 3131 multa
401 3090 472 3132 sum
495 3073 633 3153 coactus,
655 3069 806 3135 indecora
824 3093 957 3155 prorsus
980 3071 1184 3159 indignaque

163 3155 280 3219 studiis
301 3155 430 3240 nostris,
452 3161 557 3221 aetate
575 3160 696 3240 nostra,
719 3159 957 3225 existimatione
981 3165 1184 3245 anteparta

161 3241 201 3308 ln
229 3265 293 3326 quo
320 3248 429 3309 tamen
457 3246 597 3310 occurrit
625 3267 662 3310 ea
690 3247 882 3332 consolatio,
915 3248 1002 3332 quod
1034 3250 1071 3314 in
1095 3252 1183 3317 ultae

28 3370 31 3375 -
164 3331 335 3396 durissimo
367 3354 485 3418 genere
517 3334 620 3399 multa
642 3334 788 3419 ferendo,
817 3336 920 3401 multa
947 3335 1048 3402 simul
1076 3339 1185 3422 didici,

164 3443 245 3504 quae
272 3421 419 3505 profecto
454 3444 505 3486 me
536 3445 701 3507 nunquam
728 3446 833 3509 neque
864 3423 942 3488 libri
973 3448 1083 3510 neque
1121 3429 1185 3494 ulle

108 3526 140 3568 ee
153 3509 304 3577 doctrina
326 3533 435 3599 neque
460 3510 530 3578 dies
552 3511 627 3598 ipsa
649 3511 762 3577 dooere
781 3513 952 3595 potuisset.
996 3513 1098 3581 Nunc
1124 3518 1188 3584 sin-
