2452 3862
373 123 495 181 XLVIII.
515 124 612 180 Ioanni
630 124 801 186 Turritiano,
1053 127 1096 191 97

79 289 151 372 giae
171 286 244 350 illos
264 285 395 369 quidem
414 285 455 349 ad
473 284 628 350 uirtutem
646 285 773 370 indolis,
796 291 1018 351 uerumtamen
1038 311 1096 352 suo

80 376 178 440 etiam
193 374 351 457 exemplo,
372 373 484 456 quales
498 395 567 438 esse
586 374 715 458 debent,
729 374 810 439 tales
824 378 976 458 praestat.
1010 378 1096 459 quod

80 465 115 527 in
137 485 254 548 magna
277 465 439 546 potestate
467 483 640 545 rerumque
668 463 762 546 eopia
794 485 890 546 quam
913 486 979 527 non
1001 464 1095 528 facile

81 552 257 636 contingat,
281 550 406 615 utinam
429 551 595 614 ueteribus
618 553 758 634 tantum,
781 574 847 619 non
870 551 967 616 etiam
990 574 1095 616 recen·

79 641 169 704 tibus
188 639 345 723 exemplis
364 638 531 724 cognitum
549 639 749 704 haberemus.
785 639 898 705 Multis
916 640 995 705 locis
1014 640 1096 703 aedi-
1126 665 1140 704 5

80 730 196 792 ficatur
218 731 361 813 strenue3
383 749 458 790 nam
476 727 638 810 Pontifex,
661 732 698 792 ut
716 728 894 810 praestanti
913 728 1019 792 animo
1039 734 1096 813 est,

80 816 233 899 antiquae
264 816 351 881 illius
382 815 505 879 Romae
536 815 676 898 speciem
711 815 863 880 eximiam
896 821 928 880 et
959 818 1096 881 formam

80 905 276 990 cogitatione
301 926 337 968 ae
355 908 461 967 mente
481 903 668 986 complexus
692 904 825 968 excitari
848 905 1012 988 praeclara
1031 928 1095 969 mo-

79 998 246 1075 numenta,
274 992 344 1056 uias
371 992 498 1055 restitui
531 995 671 1076 ueteres,
702 1014 804 1057 nouas
832 993 964 1079 muniri,
997 1015 1096 1077 aquas

80 1082 178 1145 etiam
201 1102 220 1144 a
237 1079 424 1166 longinquis
442 1080 590 1144 fontibus
608 1081 753 1164 impensa
771 1082 911 1145 maxima
930 1081 964 1145 in
983 1083 1097 1146 urbem
1112 1104 1137 1142 ro

80 1170 152 1233 duci
185 1168 285 1233 iubet.
332 1189 413 1252 quae
442 1190 514 1232 oum
543 1173 637 1232 erunt
660 1169 822 1253 absoluta,
849 1169 932 1233 nihil
963 1175 1096 1253 aspectu

80 1258 261 1340 pulchrius,
292 1257 376 1320 nihil
403 1257 663 1342 magnificentius
690 1261 746 1320 aut
774 1258 871 1321 etiam
899 1257 1097 1322 commodius

80 1368 149 1409 esse
176 1345 306 1427 poterit.
356 1345 429 1430 Ego
459 1365 654 1427 quamquam
676 1349 747 1408 tum
779 1344 851 1407 aliis
883 1346 994 1428 rebuS,
1026 1349 1097 1408 tum

80 1432 187 1496 officio
221 1432 381 1497 salutandi
410 1432 636 1496 molestissimo
665 1431 809 1514 quotidie
836 1432 903 1495 fere
933 1432 1097 1514 distineor,

80 1520 217 1585 iucunde
245 1524 355 1583 tamen
381 1519 461 1583 satis
488 1520 579 1603 uiuo,
609 1519 636 1583 si
663 1519 758 1583 modo
790 1519 914 1584 homini
944 1520 1095 1584 scientiae
1111 1543 1136 1583 15

81 1608 198 1691 cupido
213 1608 281 1671 sine
296 1607 454 1672 librorum
472 1629 542 1692 usu,
566 1629 630 1690 quo
650 1607 832 1690 perinuitus
846 1629 947 1692 careo,
965 1608 1096 1672 iucundi

81 1697 259 1780 quidquam
282 1717 350 1760 esse
373 1700 490 1779 potest.
535 1695 649 1760 Praela
669 1700 781 1760 nostra
809 1696 1003 1779 comparatis
1032 1697 1097 1761 iam
1147 1773 1155 1788 ἢ

80 1787 146 1849 fere
171 1785 321 1848 omnibus
344 1785 454 1868 rebus,
478 1805 559 1869 quae
582 1783 623 1847 ad
645 1783 895 1868 imprimendum
923 1785 1096 1868 pertinent,

81 1873 270 1957 propediem
303 1873 337 1936 in
369 1873 477 1936 officio
511 1877 605 1936 erunt
638 1877 671 1937 et
703 1895 721 1936 a
753 1872 907 1957 Cypriani
940 1873 1096 1957 epistolia,

81 1961 167 2045 quod
189 1962 268 2025 felix
291 1961 497 2045 faustumque
521 1960 572 2042 sit,
595 1961 725 2025 inItium
752 1962 817 2026 fiet.
855 1961 903 2026 De
927 1967 984 2026 tuo
1009 1965 1095 2025 statu
1111 1985 1137 2025 eo

82 2049 312 2130 exspectabam
343 2049 473 2112 omnino
513 2047 638 2130 aliquid
675 2071 715 2112 ex
750 2048 869 2113 litteris
899 2050 965 2113 tuis
997 2050 1096 2133 idque

82 2136 246 2220 postulare
269 2135 441 2199 uidebatur
464 2135 605 2198 amicitia
622 2140 740 2199 nostra.
787 2137 842 2201 sed
866 2157 938 2201 cum
963 2159 999 2200 ea
1022 2160 1096 2220 spes

82 2246 133 2288 me
148 2223 307 2305 fefellerit,
325 2222 415 2286 nolui
430 2222 639 2305 committere,
658 2227 695 2286 ut
713 2223 856 2287 uicissim
869 2223 939 2306 ipse
955 2224 1097 2288 officium

83 2333 191 2375 meum
220 2311 398 2374 desiderare
425 2333 545 2394 posses.
594 2309 675 2375 Vale
704 2314 736 2373 et
764 2311 852 2374 salue
880 2333 898 2373 a
925 2311 993 2374 filio
1016 2333 1097 2394 meo,

82 2401 134 2464 cui
158 2400 278 2483 raptim
300 2400 380 2463 haee
403 2420 496 2463 mane
520 2398 653 2481 dictaui,
676 2419 749 2463 cum
772 2399 806 2462 in
828 2397 1021 2463 Vaticanum
1044 2421 1096 2463 ne·
1111 2421 1138 2464 11

82 2489 164 2573 gotii
188 2510 299 2552 caussa
322 2508 539 2571 properarem.
584 2486 715 2572 Romae,
737 2487 832 2552 nonis
855 2487 929 2551 Dee.
949 2486 1095 2552 MDLXI.

482 2718 694 2727 --—.-—.-—-..-

518 2910 659 2975 XLVIII.

84 3052 86 3057 ’
189 3050 323 3115 Ioanni
347 3049 571 3116 Turritiano
595 3050 854 3116 Sermonetam
878 3058 940 3129 (VI,
956 3060 992 3126 9).

84 3229 87 3234 ·
177 3191 215 3255 In
247 3214 364 3279 magna
395 3192 610 3274 iucunditate,
644 3212 741 3275 quam
777 3194 834 3257 tua
869 3189 949 3255 mihi
986 3197 1034 3256 att
1020 3193 1097 3256 tulit

84 3280 169 3364 epist
155 3281 230 3363 t,ola
244 3280 410 3345 molestiae
423 3279 572 3345 nonnihil
587 3301 623 3342 ae
638 3279 756 3345 doloris
770 3279 929 3364 adspersit
943 3279 998 3342 illa
1012 3303 1096 3362 pars,
1110 3309 1139 3348 eo

85 3369 119 3430 in
133 3391 197 3452 qua
209 3369 368 3434 Bonifacii
383 3367 514 3433 Caetani
528 3367 658 3432 nomine
658 3367 842 3453 ,Principis
861 3368 992 3454 egregii,
1007 3367 1097 3430 cuius

86 3477 180 3521 causa
207 3458 290 3521 uelle
317 3479 368 3522 me
396 3457 504 3521 omnia
534 3460 631 3539 atque
660 3457 758 3521 etiam
787 3457 904 3521 debere
935 3454 1032 3519 confit
1034 3475 1097 3536 eor,

139 3570 162 3608 P.
176 3568 277 3612 Menutss
291 3571 403 3621 epistulae
418 3571 525 3611 selectae.
870 3566 884 3612 7
