2452 3862
124 172 165 238 88
530 169 587 227 XL.
614 168 665 226 Pio
683 167 729 225 IV.

123 340 269 419 tempore
292 333 380 417 plus,
408 352 505 416 quam
533 353 644 397 omnes
671 330 831 414 homines,
858 329 1013 414 prodesse
1043 331 1147 399 nobis

123 446 205 489 unus
235 421 353 506 possit,
381 420 545 504 idipsum
570 420 707 485 anobis
733 418 847 501 habet,
875 418 903 483 is
926 440 967 483 ne
994 442 1058 485 nos
1087 421 1146 487 ali·

123 533 219 595 quam
260 508 344 575 tanti
381 508 530 573 beneficii
569 509 708 594 gratiam
744 511 950 592 reposcentes
987 508 1031 572 ab
1072 532 1145 576 sese

121 598 267 664 reiiciet?
307 620 373 662 non
401 597 464 662 hoo
498 597 587 663 illius
617 602 747 680 natura,
778 617 845 662 non
875 595 1037 681 doctrina,
1075 621 1145 666 non

95 687 319 752 sconsuetudo
347 688 437 752 feret.
483 685 556 752 Sint
586 708 661 750 sane
691 684 866 751 mutabiles
895 706 1007 752 eorum
1039 687 1145 754 animi

120 797 225 860 neque
249 776 328 840 satis
351 775 385 840 in
408 774 541 841 colenda
564 774 686 840 uirtute
710 773 774 839 sibi
798 777 960 859 constent,
987 774 1028 838 fit
1053 776 1145 844 enim

121 887 227 951 saepe,
251 868 288 928 ut
306 864 490 930 uoluntates
514 863 610 928 simul
634 884 707 928 cum
730 862 861 927 fortuna
884 867 1144 929 commutentur:

121 953 156 1018 in
178 958 224 1035 te,
247 952 401 1018 Pontifex
425 952 562 1037 optime,
584 974 650 1016 non
673 950 758 1016 cadit
782 951 878 1016 huius
902 950 1143 1018 inconstantiae

121 1041 271 1126 suspicio.
317 1046 375 1105 tua
402 1045 451 1106 est
481 1040 564 1105 bene
595 1039 711 1127 agendi
741 1039 958 1124 perpetuitas3
989 1040 1072 1105 nihil
1103 1041 1142 1105 in

81 1151 108 1191 10
121 1130 190 1194 uita
213 1134 270 1195 tua
296 1129 435 1212 uarium,
462 1129 545 1194 nihil
567 1128 726 1212 flexibile,
752 1128 836 1193 nihil
863 1127 996 1194 mistum
1017 1150 1139 1214 cogno-

121 1218 236 1284 uimus.
282 1240 409 1302 semper
432 1217 518 1282 idem
544 1217 621 1302 tibi,
648 1238 776 1301 semper
804 1216 962 1282 directum
985 1216 1142 1300 quiddam

121 1307 245 1391 placuit
275 1312 308 1374 et
338 1307 485 1391 simplex.
530 1328 597 1371 non
625 1308 659 1370 te
686 1327 794 1371 rerum
821 1305 1033 1371 humanarum
1061 1305 1143 1370 ficta

122 1402 154 1462 et
177 1399 285 1463 fucata
307 1397 424 1480 forma,
446 1418 513 1461 non
535 1394 623 1479 illae,
647 1394 766 1478 quibus
785 1393 932 1477 plerique
955 1393 1142 1479 capiuntur,

121 1486 292 1551 insidiosae
316 1485 523 1569 uoluptatum
548 1483 719 1551 illecebrae
743 1485 906 1565 ceperunt.
951 1503 1018 1546 non
1043 1487 1082 1547 tu
1106 1483 1144 1549 in

82 1575 233 1639 retabula
256 1574 359 1658 picta,
387 1573 475 1638 inani
499 1571 644 1637 colorum
666 1571 773 1654 specie
797 1575 925 1655 eaptus,
953 1569 1058 1635 oeulis
1082 1571 1143 1637 im·

120 1663 299 1727 mobilibus
322 1661 464 1727 haesisti.
509 1683 575 1726 non
603 1659 738 1725 sericam
766 1663 903 1741 uestem,
930 1680 997 1723 non
1025 1681 1143 1746 argen-

121 1754 210 1815 teum
233 1772 306 1834 uas,
328 1772 395 1814 non
418 1753 530 1813 aurata
552 1752 639 1813 tecta
663 1746 773 1832 paullo
797 1747 946 1830 cupidius
969 1748 1142 1832 aspexisti.

121 1838 268 1921 denique,
291 1859 331 1901 ne
353 1837 482 1922 singula
504 1857 745 1921 persequamur,
769 1857 841 1900 cum
864 1835 1012 1919 plerique
1036 1836 1143 1902 homi·

120 1946 199 1990 num
235 1924 303 1988 siue
338 1925 443 2010 gratia
476 1924 544 1990 siue
576 1929 665 1989 metu
702 1926 743 1989 ab
782 1923 888 1989 officio
927 1924 1141 2010 deducuntur,

81 2035 107 2075 ao
120 2033 297 2096 numquam
319 2017 352 2077 te
371 2013 425 2078 uel
442 2013 489 2077 ita
512 2013 618 2099 gratia
641 2012 795 2077 deleniuit
820 2013 872 2077 uel
891 2013 938 2077 ita
956 2017 1064 2079 metus
1088 2013 1144 2078 de-

120 2101 251 2186 terruit,
286 2107 323 2168 ut
360 2102 517 2187 pietatem
552 2101 806 2188 religionemque
839 2101 1008 2167 desereres.
1061 2102 1144 2187 quid

121 2190 262 2257 mirum?
297 2191 458 2257 uirtutum
480 2190 603 2256 radices
617 2213 692 2255 non
714 2190 761 2256 ita
780 2190 898 2257 leuiter
917 2190 1081 2257 bonorum
1105 2191 1141 2256 in

121 2281 237 2347 animis
265 2281 447 2365 inhaerent,
476 2285 512 2345 ut
541 2303 594 2344 eas
623 2279 760 2344 euellere
788 2283 845 2344 aut
873 2278 1034 2345 commodi
1064 2302 1144 2365 spes

122 2375 177 2435 aut
208 2371 344 2454 periculi
375 2369 537 2434 dubitatio
568 2368 680 2452 possit.
734 2388 832 2451 quare
862 2371 938 2431 tuae
968 2373 1142 2434 consuetu-

82 2479 107 2518 as
122 2458 206 2521 dinis
237 2461 269 2521 et
300 2457 499 2522 constantiae
527 2478 684 2521 memores
711 2478 778 2520 non
805 2455 947 2539 petimus
975 2477 994 2520 a
1021 2460 1068 2540 te,
1101 2460 1140 2519 ut

121 2544 244 2627 aliquid
275 2566 352 2630 agas
388 2548 500 2608 nostra
532 2565 655 2627 caussa,
693 2544 780 2626 quod
811 2563 885 2608 cum
918 2543 1036 2629 egeris,
1073 2565 1142 2610 non

121 2631 302 2696 consentire
330 2651 403 2697 cum
430 2632 496 2697 tuis
520 2631 742 2715 superioribus
770 2633 865 2698 factis
892 2631 1055 2716 uideatur,
1083 2633 1142 2697 sed

121 2719 155 2784 id
178 2720 333 2806 petimus,
357 2721 445 2804 quod
467 2743 486 2786 a
509 2725 541 2785 te
564 2742 631 2784 non
652 2721 748 2786 modo
772 2721 844 2805 ipsa
866 2743 931 2806 res,
959 2720 1015 2786 sed
1039 2720 1142 2786 etiam

121 2809 319 2876 consuetudo
354 2814 411 2874 tua
445 2810 603 2895 postulat,
640 2814 677 2874 ut
709 2809 743 2873 in
775 2814 884 2874 uetere
917 2809 974 2874 illo
1008 2813 1142 2874 tuarum

81 2920 107 2961 eo
122 2899 286 2966 actionum
317 2899 473 2964 laudabili
506 2920 601 2964 cursu
634 2920 759 2983 pergas.
806 2897 893 2981 quod
925 2918 998 2962 cum
1029 2898 1143 2983 facies,

122 2989 283 3054 facturum
320 2989 419 3073 enim,
460 2988 536 3072 quia
567 2992 600 3052 te
632 2987 796 3070 nouimus,
819 3007 901 3056 ¹non
940 2985 1142 3071 dubitamus,

122 3077 347 3158 complecteris
370 3100 430 3143 nos
454 3077 566 3141 eodem
590 3075 706 3157 studio,
730 3095 794 3157 quo
817 3073 908 3157 ipsae
931 3078 964 3138 te
989 3073 1141 3159 aluimus,

123 3167 156 3227 et
193 3163 227 3226 in
263 3187 337 3229 eum
373 3167 480 3230 locum
517 3164 682 3246 restitues,
719 3163 802 3227 unde
839 3184 899 3227 nos
936 3161 1140 3227 aduersariae

123 3254 267 3336 nostrae,
290 3252 418 3320 inscitia
442 3253 539 3319 simul
562 3257 594 3317 et
618 3250 768 3333 auaritia,
792 3250 927 3316 comites
950 3255 1141 3335 perpetuae,

82 3358 109 3402 aa
124 3340 337 3406 detruserunt.
382 3341 463 3406 Vale
488 3340 648 3425 [Venetiis
670 3337 906 3424 lllDIilXsLX]¹

524 3555 737 3563 -—-—--—-
