2452 3862
133 109 176 175 26
459 109 535 169 ΧΙΙΙ.
554 108 698 178 Stephano
717 107 823 167 Saulis.

130 271 321 357 prudentiae
345 271 402 357 sit,
425 271 520 356 quale
543 272 624 337 illud
647 276 709 355 est,
732 270 819 355 quod
841 268 876 334 in
898 266 1092 333 imitatione
1112 266 1150 331 sit

132 361 306 444 optimum,
343 360 530 445 diiudicare,
568 360 682 426 deinde
714 359 805 425 cuius
837 356 1034 441 industriae,
1070 354 1151 440 quod

131 448 292 531 optimum
315 448 501 533 iudicamus,
524 449 558 513 id
580 450 705 534 reipsa
728 447 889 531 consequi.
920 444 1013 529 quod
1033 448 1151 510 utrum·

132 558 195 620 que
219 559 292 601 cum
322 538 364 602 sit
392 538 633 621 difficillimum,
663 538 696 602 id
721 537 821 622 quod,
843 540 880 600 ut
902 534 1011 617 uides,
1042 536 1152 599 nostra

102 625 330 709 coptimorum
358 627 554 710 scriptorum
576 626 733 711 paenuria
756 625 908 709 declarat,
931 645 1010 688 cum
1034 626 1151 705 tamen,

131 714 186 814 qui
200 714 232 778 in
248 714 310 779 hoa
328 737 447 802 genere
462 715 640 798 elaborent,
653 714 787 800 plurimi
806 713 881 798 sint,
899 711 980 776 satis
998 710 1152 796 equidem

130 803 239 867 mirari
266 825 333 868 non
359 826 506 888 possum,
536 825 593 868 cur
619 808 657 869 tu
684 825 735 868 me
763 803 797 866 in
820 799 961 886 epistola
983 804 1048 864 tua
1073 821 1150 864 sum·

129 912 218 955 mum
241 892 355 956 feceris
378 893 412 956 in
435 892 621 977 eloquentia
644 891 834 975 dederisque
857 890 899 968 id,
923 888 1016 972 quod
1042 886 1149 976 egosi

129 979 298 1064 accipiam,
330 981 393 1045 mei
422 1003 498 1045 sane
526 980 774 1064 dissimillimus,
806 980 868 1044 1100
895 981 944 1042 001
972 976 1150 1062 impudens

90 1067 226 1150 aplane
249 1069 318 1133 sim.
348 1091 424 1134 nam
446 1073 484 1133 ut
507 1074 625 1155 cetera,
650 1091 732 1154 quae
756 1068 823 1133 dixi
846 1089 915 1132 esse
937 1065 980 1129 ad
1002 1065 1150 1131 studium

128 1157 262 1221 huiusce
288 1157 393 1222 laudis
419 1158 612 1242 necessaria,
641 1158 723 1222 mihi
754 1179 820 1222 non
852 1153 1035 1239 defuerint,
1071 1175 1148 1238 quae

127 1245 253 1311 utinam
271 1246 445 1311 mediocria
463 1246 611 1330 finissent,
633 1245 791 1330 temporis
811 1244 950 1328 quidem,
974 1247 1013 1306 ut
1040 1241 1149 1326 paullo

128 1339 202 1399 ante
235 1335 386 1421 exposui,
417 1335 522 1400 multo
554 1336 662 1400 minus
693 1334 807 1420 habui,
840 1354 937 1416 quam
970 1353 1026 1395 res
1061 1333 1148 1395 tanta

127 1424 324 1506 postulabat.
361 1425 465 1489 fatum
488 1425 607 1489 1111100
630 1423 793 1510 singulare
815 1424 1001 1502 0100111001,
1026 1425 1068 1485 ut
1086 1418 1149 1485 otio

88 1532 114 1573 10
127 1533 307 1596 numquam
339 1513 509 1577 abundem.
555 1513 717 1577 abundem
749 1511 878 1575 autem?
918 1508 1050 1573 utinam
1086 1529 1148 1572 11011

126 1621 254 1682 semper
267 1599 446 1685 indigerem
460 1600 612 1665 maxime!
631 1622 718 1665 nunc
731 1601 772 1664 ad
785 1597 1036 1682 occupationem
1052 1597 1147 1662 etiam

126 1687 260 1750 accessit
293 1687 490 1772 sollicitudo,
523 1710 621 1771 quam
653 1688 734 1753 1111111
765 1710 805 1753 ex
834 1687 1009 1751 immaturo
1043 1683 1146 1750 Cardi-

125 1773 208 1838 nalis
231 1773 368 1861 Maffaei,
391 1775 493 1839 diuini
516 1776 667 1860 hominis,
689 1776 826 1841 interitu
848 1778 996 1839 exortam
1019 1775 1145 1839 utinam

126 1861 300 1945 aliquando
325 1863 392 1927 dies
416 1863 612 1950 exstinguat.
657 1865 740 1930 ratio
765 1864 894 1950 quidem
916 1863 979 1927 1100
1001 1863 1145 1927 nondum

85 1972 112 2012 ac
126 1950 244 2033 potuit.
289 1950 345 2014 ille
373 1974 444 2016 mea
470 1953 577 2018 studia
604 1954 738 2019 fouebat
765 1974 861 2037 unus,
889 1950 944 2015 ille
973 1950 1061 2015 mihi
1091 1948 1145 2015 otii

126 2059 218 2122 spem
241 2038 370 2104 dederat
394 2046 427 2104 et
450 2041 586 2106 fecisset.
633 2042 708 2126 quis
736 2042 821 2105 enim
844 2040 884 2104 ad
906 2039 1145 2125 benignitatem

125 2127 341 2211 propensior?
368 2128 423 2193 ille
446 2152 507 2214 me,
529 2131 588 2194 ubi
612 2153 695 2214 opus
719 2134 812 2215 esset,
836 2127 1033 2193 auctoritate
1059 2149 1145 2193 orna·

125 2216 191 2303 bat,
214 2217 349 2282 consilio
367 2219 532 2304 monebat,
550 2242 585 2284 re
604 2219 817 2284 sustentabat.
856 2216 934 2300 quid
957 2216 1082 2300 plura?
1114 2215 1145 2279 in

124 2304 181 2369 illo
204 2305 285 2369 mihi
313 2310 405 2370 erant
433 2307 541 2370 omnia
568 2312 601 2371 et
631 2329 704 2371 cum
732 2307 789 2372 1110
815 2305 896 2370 1111111
927 2305 1040 2368 omnia
1064 2303 1144 2390 peri·

83 2414 110 2454 aa
126 2396 228 2455 0111111.
270 2414 369 2475 quare
394 2397 551 2457 nontam
574 2394 653 2458 mihi
678 2394 886 2481 cogitandum
909 2396 972 2477 est,
999 2397 1039 2457 ut
1065 2414 1144 2478 opus

124 2478 312 2543 uniuersum
336 2478 374 2543 de
393 2479 548 2545 Romanis
571 2482 832 2567 antiquitatibus,
856 2481 942 2566 quod
964 2485 1003 2546 tu
1021 2481 1146 2565 laudae,

123 2566 181 2631 illo
214 2571 344 2631 auctore
380 2567 568 2633 institutum
604 2569 728 2655 possim
759 2571 942 2654 absoluere,
975 2591 1078 2653 quam
1110 2572 1144 2633 ut

123 2659 251 2739 partem
274 2655 417 2739 aliquam
440 2657 505 2722 iam
528 2658 707 2723 confectam
729 2659 825 2724 liceat
849 2657 1022 2743 perpolire.
1059 2656 1145 2742 quod

123 2743 244 2828 ipsum,
278 2744 306 2808 si
333 2744 414 2809 mihi
441 2767 527 2810 1111110
554 2769 614 2829 per
641 2769 728 2811 meas
761 2746 990 2832 occupationes
1021 2745 1145 2830 liceret,

81 2855 110 2895 ao
124 2833 177 2898 hie
200 2837 318 2917 tamen,
343 2833 400 2917 qui
423 2856 474 2898 me
498 2838 608 2920 uexat,
633 2835 725 2900 dolor
747 2839 833 2899 certe
855 2857 922 2899 non
945 2834 1145 2900 concederet.

123 2943 161 2985 ac
182 2921 379 3007 mehercule,
402 2922 481 2987 haec
503 2923 588 3008 ipsa,
613 2944 695 3006 quae
718 2927 756 2987 tu
779 2945 865 2988 nunc
887 2922 984 3009 legis,
1008 2921 1146 3010 irrigaui

122 3007 286 3093 lacrymis,
314 3031 388 3073 oum
415 3010 598 3076 scriberem.
648 3033 707 3074 nec
735 3012 850 3094 putaui
877 3012 960 3096 fore,
988 3032 1066 3076 aum
1097 3015 1146 3077 101

123 3096 208 3159 curis
231 3096 416 3182 distinerer,
442 3103 480 3162 ut
512 3120 641 3183 possem
670 3099 819 3164 scribere.
865 3100 921 3164 sed
949 3122 1073 3185 magna
1096 3100 1147 3164 uis

122 3183 240 3248 amoris
259 3187 317 3267 est,
339 3206 457 3270 magna
476 3185 700 3251 obseruantiae
719 3209 796 3272 erga
813 3193 846 3252 te
865 3209 962 3252 meae.
1001 3210 1039 3252 ea
1060 3189 1148 3273 fecit,

79 3294 108 3336 as
122 3275 159 3335 ut
184 3271 246 3335 hoc
269 3271 412 3336 officium
434 3274 532 3337 rebus
555 3274 706 3338 omnibus
734 3277 934 3340 anteferrem.
971 3274 1146 3343 Aduentus

121 3359 171 3425 tui
191 3359 255 3424 iam
270 3359 413 3442 aliquam
431 3361 528 3425 nobis
548 3363 823 3447 exspectationem
842 3364 1020 3430 amicorum
1038 3387 1146 3431 sermo

121 3451 349 3514 commouerat.
400 3469 471 3513 eam
500 3453 536 3514 tu
568 3452 656 3534 quod
684 3451 803 3516 litteris
833 3453 1020 3540 confirmes,
1050 3454 1147 3519 ualde
