2452 3862
546 183 604 239 LX.
632 183 735 240 Iacobo
754 182 879 239 Gorscio.
911 184 915 193 '

341 560 482 624 Iacobo
512 556 669 624 Gorscio
699 558 922 624 Oracouiam
951 568 1013 638 (IX,
1030 567 1090 636 15).

290 700 566 767 Particulamlitt
536 704 694 765 tterarum
715 705 857 787 tuarum,
886 700 922 765 in
949 721 1014 784 qua
1039 701 1169 767 scribis
1200 733 1225 761 ι.

202 790 341 857 amioum
364 791 491 856 audisse
514 793 547 855 tc
573 788 740 854 exclusum
763 812 833 854 esse
855 789 960 854 Roma
981 789 1146 855 Paullum
1166 792 1213 857 M=

175 884 261 945 snut
262 880 338 966 ium,
357 880 437 944 haec
451 878 537 943 enim
550 878 622 963 ipsa
640 879 742 943 uerba
759 878 864 964 ponis,
882 877 993 965 legi
968 900 1040 942 srne
1060 880 1214 946 molesti

202 969 258 1053 qui
286 969 372 1033 enim
399 990 509 1033 rumor
534 988 607 1053 nec,
639 965 667 1032 si
694 988 791 1032 uerus
818 971 915 1051 esset,
946 967 1043 1032 ualde
1077 969 1226 1036 afficere

199 1057 343 1123 animum
360 1079 468 1122 meum
486 1019 631 1120 subsidia
648 1055 712 1120 sibi
731 1056 772 1119 ad
790 1077 900 1121 omnes
919 1077 1011 1121 casus
1033 1079 1076 1122 ex
1097 1059 1220 1160 optim

200 1146 396 1211 conscientia
423 1144 683 1230 quaerentem,
674 1166 703 1208 rs
731 1165 805 1209 cum
832 1144 875 1209 sit
906 1144 1009 1210 falsus
1043 1147 1119 1210 at
1104 1149 1220 1248 manis

199 1235 362 1321 quid,
300 1239 349 1300 est
386 1257 442 1299 cur
464 1255 515 1298 me
538 1233 674 1319 ttanga?
714 1232 887 1318 Equidem,
915 1233 942 1298 si
966 1233 1050 1299 scire
1064 1234 1147 1335 uis,
1172 1237 1224 1338 q'

159 1348 184 1388 ιο
199 1325 242 1388 ιιι
264 1347 355 1389 meus
378 1324 439 1387 hac
461 1326 531 1387 tota
497 1322 593 1386 tde
616 1344 651 1385 re
674 1343 801 1409 sensus,
830 1321 975 1386 inclusus
998 1322 1120 1406 potius
1217 1325 1223 1338 ‘

198 1413 310 1478 uidcor
333 1435 403 1477 esse
432 1434 528 1496 quam
554 1409 712 1475 exclusus.
758 1431 864 1494 aquo
892 1409 979 1474 enim
1002 1410 1055 1475 die
1080 1411 1225 1568 Romam

198 1501 286 1589 ueni,
310 1501 447 1566 exeundi
469 1498 570 1565 facult
556 1504 621 1584 tas,
644 1520 741 1582 quam
764 1521 860 1583 saepe
883 1499 1162 1589 ualetudinis,in

198 1590 274 1654 dum
301 1589 400 1655 animi
428 1589 526 1653 etiam
553 1609 667 1652 caussa
696 1591 901 1673 optaueram,
932 1588 1008 1652 data
1035 1507 1223 1676 numquam

197 1683 259 1743 est:
282 1700 348 1744 non
371 1678 450 1762 quin
472 1677 513 1741 iis
537 1676 734 1762 hominibus,
757 1676 814 1760 qui
836 1675 921 1741 tanti
944 1676 1033 1761 apud
1056 1701 1116 1743 me
1138 1686 1222 1768 sunt,

157 1790 182 1830 15
195 1772 233 1830 ut
251 1789 363 1831 eorum
377 1766 528 1830 uoluntat
479 1769 581 1830 tatem
598 1769 778 1866 nutumque
797 1786 889 1849 quasr
880 1763 1014 1850 legem
1033 1766 1223 1870 obseruem,

195 1858 269 1919 utar
296 1854 472 1936 facillimis,
501 1853 557 1916 sed
585 1853 792 1918 commissum
819 1852 907 1938 fidei,
934 1852 1149 1944 diligentiae,
1177 1858 1221 1922 in-

196 1941 338 2005 dustriae
360 1963 449 2006 meae
472 1945 571 2027 negot
572 1939 640 2005 ium
668 1942 897 2007 eiusmodit
848 1946 911 2028 est,
938 1945 976 2006 ut
999 1911 1149 2011 absente
1171 1967 1223 2012 me

194 2030 350 2094 iacturam
373 2029 525 2115 patiatur.
571 2031 658 2114 quod
686 2031 714 2095 si
740 2031 870 2115 priuata
892 2052 943 2095 res
965 2037 1140 2121 ageretur,
1170 2057 1222 2100 ne

195 2118 352 2206 gligerem
378 2121 528 2184 fortasse:
555 2140 653 2206 nunc,
682 2123 721 2184 ut
749 2119 829 2184 scire
856 2123 889 2183 ts
917 2120 1077 2208 arbitror,
1110 2127 1222 2190 totum

154 2232 180 2272 aa
194 2209 255 2273 hoc
277 2231 395 2274 munus
418 2210 459 2273 ad
482 2208 572 2275 Sedis
595 2208 703 2362 Apost
689 2207 804 2273 tolicae
833 2207 1025 2294 dignitatem
1055 2213 1222 2294 pertinet:

192 2321 252 2382 pro
277 2321 340 2383 qua
364 2299 391 2364 si
414 2298 572 2363 accideret
594 2302 632 2362 ut
654 2297 756 2362 uitam
782 2297 977 2381 profundere
1005 2321 1095 2382 opus
1120 2307 1221 2383 esset,

191 2388 354 2471 praeclare
377 2409 502 2452 meeum
525 2390 633 2452 actum
654 2391 811 2470 putarem.
847 2386 919 2451 Hoc
936 2408 1047 2452 meum
1068 2355 1221 2457 studiuni

191 2474 318 2556 placere
342 2475 437 2539 bonis
456 2473 536 2540 uiris
555 2474 671 2557 etipsi
689 2474 724 2539 in
742 2474 856 2559 primis
874 2474 987 2540 PioV.
1006 2475 1108 2542 Pont.
1130 2479 1220 2546 Max.

190 2560 273 2625 nihil
296 2562 426 2626 omnino
450 2561 617 2647 probanti,
646 2562 710 2626 nisi
733 2564 821 2648 quod
847 2565 888 2628 ad
911 2564 1028 2665 summi
1054 2565 1122 2631 Dei
1150 2570 1218 2656 glo·

150 2673 176 2714 aa
190 2649 271 2714 riam
295 2671 560 2752 communemque
589 2650 726 2715 salutem
752 2653 922 2739 referatur,
949 2653 996 2717 ita
1023 2652 1153 2743 lactor,
1181 2663 1218 2722 ut

190 2745 369 2806 ceterorum
393 2739 562 2824 opiniones
585 2744 618 2804 et
636 2738 755 2805 iudicia
773 2746 848 2807 cont
849 2705 983 2806 emriam.
1021 2742 1105 2843 quid
1128 2747 1217 2813 enim

188 2829 343 2931 laborem,
367 2828 445 2914 quid
463 2829 501 2892 de
519 2850 571 2893 me
591 2828 807 2894 sentiantt
751 2835 807 2894 ιιιι
825 2829 1041 2915 loquantur''
1018 2853 1055 2917 11,
1079 2834 1152 2921 qui,
1176 2858 1216 2900 ne

189 2920 310 2985 sincere
334 2919 475 2984 iudicare
498 2917 636 3005 possint,
659 2918 761 2983 liuore
784 2918 1007 3003 impediuntur
1029 2924 1089 2984 aut
1115 2925 1216 2989 male·

188 3007 309 3073 uolent
284 3013 344 3094 t,1a
373 3009 438 3074 fort
424 3013 511 3073 tasse
535 3007 632 3072 etiam
655 3007 856 3072 hominem
846 3031 880 3072 m
909 3007 1130 3075 saluberrima
1155 3014 1216 3078 tol-

148 3093 299 3160 alendae
329 3097 438 3180 prauit
424 3096 502 3163 tatis
535 3095 714 3161 haereticae
749 3118 825 3161 eura
857 3096 912 3161 diu
940 3100 1110 3182 noctuque
1144 3124 1215 3166 uer·

189 3186 326 3268 santam,
352 3206 418 3249 non
440 3185 558 3271 labori,
586 3208 654 3250 non
676 3184 854 3250 ualetudini
877 3188 1065 3286 parcentem
1089 3210 1214 3272 parurn

187 3271 299 3355 aequis
319 3272 419 3336 oculis
438 3238 622 3357 adspiciunt
608 3275 644 3339 t?
672 3278 839 3339 sexcentas
860 3274 946 3339 enim
965 3278 1061 3360 artes,
1084 3278 1214 3361 quibus

187 3382 300 3425 caussa
317 3360 450 3445 publica
463 3361 610 3427 laedatur
609 3368 716 3450 ,quot
702 3362 781 3428 tidie
800 3367 925 3428 ueterat
926 3385 963 3428 or
911 3363 1036 3427 tille
1056 3387 1213 3454 magnus,

165 3450 308 3533 generis
329 3448 469 3518 lrumani
488 3415 707 3538 sempiternus
722 3452 837 3554 hostis,
857 3452 1029 3537 excogitat
1068 3451 1138 3519 Sed
1155 3478 1214 3521 no-

108 3538 244 3604 ³⁵m1‘111'
265 3566 362 3638 meo,
390 3547 562 3635 quantum
583 3542 725 3632 uolunt,
743 3541 805 3608 isti
825 3540 1013 3623 ιιιιιιιιιιι
1025 3561 1081 3602 me
1098 3546 1216 3608 tamen
