2452 3862
372 137 467 192 LXXI.
497 137 654 196 Octauiano
672 109 823 198 Ferraria
1033 142 1096 206 147

83 298 192 398 ipsum
216 320 232 362 e
256 303 313 363 tua
336 299 468 365 fluxisse
491 301 661 388 benignita
627 304 694 367 tate
722 302 821 367 confit
807 306 883 367 tear.
929 301 1025 387 Vale,
1052 303 1097 369 mi

82 387 273 452 suauissima
292 387 446 456 Morande
447 411 606 474 ‚,nosque
624 395 662 456 ut
647 389 816 478 t‚solebas
834 413 914 456 ama.
940 390 1069 458 Venet'
1032 395 1098 458 ι.ιιι

82 475 265 561 [ΜιιΙιΧΧ,
288 499 397 543 mense
421 476 579 563 Octobri]

483 712 697 722 ιι--μ--η

535 901 647 967 LXXI.

168 1040 237 1107 Oct
223 1042 380 1107 tauiano
407 1042 586 1110 Ferrario
613 1042 871 1112 Mediolanum
898 1049 944 1131 (X,
960 1049 1011 1129 11).
1123 1071 1137 1112 ι

170 1182 217 1248 Mi
244 1183 439 1268 Ferrari,
414 1207 442 1251 er
469 1207 521 1251 me
548 1188 677 1251 tantum
703 1207 804 1271 amaa,
837 1191 995 1271 quantum
1023 1211 1096 1272 pro-

82 1273 167 1339 fecto
191 1294 292 1357 amas,
322 1271 480 1359 gratulari
506 1277 540 1338 te
567 1272 648 1338 mihi
675 1294 815 1357 aequum
841 1278 904 1361 est,
931 1276 1018 1360 quod
1045 1299 1097 1341 ex·

82 1363 215 1442 optatae
239 1359 294 1425 diu
312 1360 438 1443 patriae
461 1381 595 1444 compos
613 1360 750 1446 denique
768 1363 874 1428 factus
896 1368 973 1447 post
995 1385 1096 1430 annos

82 1449 207 1533 decem,
237 1448 328 1513 tenui
358 1449 489 1514 fortuna
518 1452 690 1514 contentus
719 1450 767 1516 ita
796 1450 887 1538 uiuo,
916 1455 954 1516 ut
983 1474 1097 1538 regum

83 1559 163 1620 opes
192 1537 396 1621 honoresque
423 1541 634 1604 contemnam.
685 1538 896 1605 carebamt
861 1539 942 1625 otio,
972 1541 1097 1625 studiis,
1112 1557 1138 1597 10

83 1627 181 1691 rebus
200 1625 293 1690 mult
268 1629 312 1692 ιιι
330 1626 371 1690 ιιι
389 1647 494 1691 meam
513 1629 663 1692 naturam
686 1627 781 1729 aptis,
804 1649 886 1712 quae
908 1592 989 1694 niihi
1011 1651 1097 1695 nuno

84 1713 192 1778 omnia
214 1713 277 1779 Dei
304 1714 491 1801 benignitas
514 1719 593 1780 reah
567 1714 659 1781 tiuitt
644 1720 667 1781 t.
712 1716 817 1801 iisque
845 1717 935 1782 fruor
964 1739 1001 1783 eo
1025 1740 1097 1783 sua

82 1803 167 1887 ιιιι,
191 1804 316 1887 quofit
339 1825 417 1870 usus
441 1803 590 1870 desiderii
613 1804 826 1871 diuturnitate
844 1805 1021 1872 iucundior.
1063 1805 1097 1872 Si

82 1892 161 1976 quid
190 1896 358 1994 praeterea
383 1915 451 1958 non
479 1897 548 1959 tam
575 1892 614 1958 de
640 1916 728 1981 meo,
757 1915 856 1978 quam
885 1894 924 1960 de
950 1917 1096 1961 meorum

84 1985 134 2044 sat
135 1984 172 2044 tu
192 1980 272 2044 scira
290 1981 351 2066 uis,
373 1985 412 2045 ut
428 1981 505 2066 fere,
529 1981 584 2065 qui
603 1986 722 2068 amant,
744 1981 863 2049 curiosi
883 1988 959 2049 sunt
977 2007 1098 2070 omnes,
1112 1997 1139 2040 1⁵

83 2068 164 2131 haec
187 2067 305 2151 accipe.
351 2090 434 2133 uxor
465 2073 498 2132 et
524 2068 648 2134 filius
638 2092 673 2135 ιι
700 2071 795 2156 urbe,
824 2074 1050 2137 commodat
1011 2078 1050 2137 ut
1051 2095 1097 2137 er-

84 2178 147 2239 que
177 2154 376 2242 ualetudine,
408 2155 465 2221 illa
495 2177 565 2222 rem
596 2157 731 2223 domest
706 2123 818 2244 troarh,
849 2159 903 2223 hic
936 2161 1098 2224 officinam

85 2244 420 2329 ιιιιιιιιιιιιοιιιιιιιιι
433 2244 593 2311 librorum
611 2266 720 2311 curam
738 2210 942 2312 administrat
960 2248 1098 2348 egregie.

84 2333 165 2400 mihi
188 2333 294 2398 taedio
324 2332 466 2399 diutinae
490 2333 751 2435 commorationis
779 2335 921 2400 urbanae
948 2335 1098 2401 rusticari

84 2423 292 2487 uehementer
325 2421 560 2507 placetque
591 2422 733 2506 primum
768 2423 906 2489 afflictae
944 2424 1096 2490 diuturno
1112 2449 1139 2489 ao

83 2513 198 2576 morbo
217 2510 396 2576 ualetudini
415 2509 613 2577 consulimus
632 2515 666 2577 et
683 2511 859 2578 imbecillo
866 2513 993 2598 corpori
1012 2513 1097 2579 uires

83 2600 245 2684 addimus3
275 2599 389 2667 deinde
420 2599 513 2684 quasi
543 2599 737 2684 quibusdam
764 2601 932 2668 exsolutus
960 2602 1100 2667 uinculis

83 2687 187 2754 libere
211 2693 349 2774 uagatur
371 2692 405 2754 et
427 2688 597 2773 uoluptate
621 2689 765 2774 pasoitur
787 2690 914 2756 animus
941 2690 1099 2755 honestis-

85 2775 175 2839 sima
211 2776 310 2840 nullis
332 2776 386 2840 hic
409 2777 559 2862 angimur
580 2777 675 2863 curis,
696 2777 796 2843 nullis
818 2777 1024 2862 implicamur
1045 2799 1100 2841 ne·

85 2887 128 2949 go
130 2863 199 2948 tiis,
229 2863 305 2928 licet
328 2864 375 2948 ιιι,
403 2865 490 2948 quod
517 2869 612 2930 antea
634 2887 810 2949 numquam
832 2865 938 2949 licuit,
966 2887 1139 2948 prorsusne

83 2952 167 3018 nihil
191 2975 295 3039 agere,
319 2952 346 3016 si
369 2952 575 3018 uolumuset
561 2954 694 3054 ttquod
716 2953 792 3018 licet
778 2957 920 3038 tsaepe
940 2953 1098 3018 uolumus

83 3064 160 3106 nam
184 3041 259 3105 uehi
283 3063 391 3125 curru,
414 3041 543 3143 opida
534 3040 674 3106 muisere
697 3005 895 3126 propinqua,
923 3041 1099 3107 amicorum

84 3130 215 3194 uillulas
244 3129 350 3216 obire,
376 3129 542 3196 conuiuari
571 3129 669 3195 etiam
696 3129 859 3194 interdum
886 3130 1100 3196 suauissimis

85 3241 148 3302 que
173 3218 285 3302 epulas
309 3218 439 3284 condire
467 3218 671 3284 sermonibus
698 3217 791 3282 hoc
782 3241 891 3303 ipsum
914 3241 994 3285 uoco
1017 3217 1100 3283 nihil

84 3329 189 3392 agere.
228 3329 422 3391 quamquam
441 3330 498 3392 qui
488 3306 701 3372 ualetudine
719 3329 835 3391 parum
857 3309 949 3372 firma
968 3326 1098 3391 operam
1115 3325 1143 3352 ιι

86 3396 154 3480 dat,
183 3399 219 3459 ut
243 3396 399 3483 maniter,
428 3396 566 3461 iucunde
594 3400 626 3461 et
653 3396 789 3460 honeste
755 3396 914 3462 tsimul
937 3395 1043 3482 uiuat,

85 3448 232 3566 proiecto
198 3484 345 3549 tnihil
375 3506 472 3572 agere
502 3484 583 3550 mihi
609 3506 676 3550 non
703 3484 793 3550 uidet
794 3506 840 3549 ur.
887 3483 985 3550 Sed
976 3444 1051 3548 ml

847 3585 905 3639 ru*
