2452 3862
120 119 166 184 54
415 113 513 172 XXIV.
526 150 527 155 κ
541 112 677 184 Dionysio
695 111 841 168 Lambino.

121 282 207 347 enim
234 300 285 343 me
313 300 332 342 a
359 282 417 342 tua
443 275 640 341 liberalitate
669 275 776 341 omnia
803 271 1026 361 exspectare),
1058 275 1142 342 dabo

121 391 172 434 me
201 366 311 442 statim
344 366 378 431 in
410 366 496 430 uiam
529 369 561 429 et
594 387 631 430 ea
663 363 793 449 quidem
824 385 895 447 spe,
929 367 967 428 ut
997 363 1141 449 aliquem

123 480 139 521 e
163 455 243 521 caeli
265 455 446 520 mutatione
469 456 610 519 fructum
638 452 776 537 capiam,
803 452 984 517 maximum
1010 452 1142 537 quidem

122 568 161 610 ex
184 548 242 610 tua
263 544 478 626 humanitate,
512 564 608 625 quam
636 540 758 606 cantari
785 541 827 605 ab
856 541 1013 607 omnibus
1038 543 1143 608 audio.

93 634 216 720 oVale,
237 633 358 699 Asulae
382 629 563 718 [MDLVIL
585 652 695 696 mense
719 628 878 713 Octobri}

570 1196 685 1263 XXIV.

233 1359 423 1444 Dionysio
451 1358 637 1423 Lambino
665 1355 868 1421 Patauium
897 1364 956 1435 (IV,
972 1365 1030 1432 22).

210 1519 325 1603 Neque
357 1539 476 1603 negare
506 1517 607 1580 audeo
640 1515 716 1598 tibi,
752 1514 877 1580 homini
911 1515 1140 1599 eruditissimo,

123 1608 214 1673 cuius
244 1629 304 1692 ego
335 1605 468 1689 plurimi
496 1625 623 1687 semper
652 1604 827 1668 amicitiam
857 1604 933 1690 feei,
962 1626 1084 1692 neque,
1113 1605 1139 1670 si

84 1730 110 1770 10
124 1695 291 1779 pollicear,
332 1696 495 1777 praestare
532 1692 655 1776 possim
691 1693 738 1777 id,
775 1691 861 1777 quod
898 1714 917 1756 a
953 1714 1006 1757 me
1046 1694 1139 1778 petis.

122 1803 253 1866 premor
291 1781 376 1844 enim
414 1780 598 1844 domesticis
639 1781 792 1846 oneribus
829 1784 861 1844 et
897 1783 1140 1868 typographiae

123 1892 212 1956 cura,
244 1869 290 1934 sic
316 1869 512 1955 mehercule,
542 1869 598 1933 uix
624 1872 661 1933 ut
690 1870 874 1934 sustineam.
920 1892 1044 1935 uacuae
1072 1876 1139 1936 tan-

121 1962 193 2023 tum
227 1959 268 2022 ab
300 1980 396 2042 opere
425 1956 506 2022 mihi
535 1958 763 2042 relinquuntur
793 1959 891 2022 horae
923 1960 1139 2042 uespertinae.

123 2048 180 2114 sed
202 2070 240 2113 eo
263 2052 410 2132 tempore
438 2051 509 2111 tum
537 2047 733 2134 defatigatus
759 2046 928 2112 laboribus
956 2069 993 2112 ac
1017 2049 1140 2114 fractus

83 2170 108 2213 15
124 2138 266 2223 quietem
293 2159 411 2222 quaero
439 2137 659 2202 neeessariam.
706 2139 776 2200 tum
799 2157 876 2200 uero
900 2136 1045 2201 succedit
1069 2160 1140 2203 oeu-

122 2228 228 2293 lorum
253 2227 344 2293 dolor
366 2227 459 2310 isque
482 2226 529 2290 ita
552 2225 670 2312 grauis,
692 2235 762 2289 non
777 2224 872 2289 modo
893 2227 931 2288 ut
948 2224 1061 2311 legere
1084 2229 1139 2290 aut

123 2315 345 2398 commentari,
378 2314 434 2378 sed
462 2335 521 2378 nec
552 2313 744 2378 domesticos
776 2313 886 2378 audire
918 2312 988 2377 sine
1021 2335 1140 2401 magna

123 2402 271 2467 molestia
290 2401 420 2483 possim.
458 2400 505 2464 ita
521 2401 618 2465 nobis
637 2401 818 2466 traducitur
836 2401 903 2466 dies
922 2405 1021 2485 etque
1042 2403 1138 2468 etiam

122 2489 228 2554 noetis
250 2488 353 2552 maior
376 2510 460 2572 pars.
505 2509 572 2553 non
600 2489 685 2553 enim
708 2491 800 2574 prius
827 2490 887 2555 hae
914 2490 1064 2556 leuamur
1091 2513 1140 2557 ca·

83 2611 110 2651 20
124 2577 204 2662 pitis
227 2576 409 2663 grauedine,
434 2599 530 2661 quam
553 2576 602 2643 sol
624 2579 729 2643 medio
753 2579 817 2643 iam
835 2577 1040 2662 Antipodum
1060 2581 1139 2645 orbe

122 2668 255 2733 decurso
278 2666 394 2750 incipit
417 2666 458 2730 ad
474 2688 534 2731 nos
553 2688 714 2731 recurrere
734 2671 767 2732 et
785 2667 820 2731 in
838 2671 912 2732 ortu
930 2690 988 2733 suo
1009 2668 1140 2734 demum

121 2755 340 2823 ualetudinem
376 2755 456 2819 mihi
488 2755 750 2840 alacritatemque
783 2756 935 2820 restituit.
991 2757 1080 2841 quod
1111 2756 1139 2822 si

122 2847 281 2931 respirare
305 2843 477 2928 aliquando
500 2844 626 2930 licebit,
650 2867 742 2909 aures
766 2844 829 2909 tibi
852 2866 941 2921 meae
964 2847 1140 2929 patebunt,

121 2957 188 2999 non
210 2935 245 2998 in
266 2935 363 2999 horas
385 2933 494 3019 modo,
518 2933 630 2998 sedin
652 2933 797 3019 integros
820 2933 918 2997 etiam
942 2932 1018 2998 dies.
1061 2934 1139 3018 quid

80 3046 107 3088 aa
122 3021 208 3086 enim
230 3022 311 3086 mihi
333 3021 515 3106 iucundius,
539 3020 617 3105 quid
639 3021 737 3085 etiam
760 3021 885 3106 utilius,
909 3044 1007 3106 quam
1029 3027 1141 3088 tecum

122 3110 161 3174 de
184 3109 304 3174 litteris
327 3131 422 3195 agere
444 3113 565 3192 tuaque
588 3111 726 3174 maxime
750 3114 889 3176 tractare
913 3110 1058 3193 scripta?
1099 3111 1141 3175 de

122 3197 241 3284 quibus
278 3196 355 3281 quid
393 3197 587 3281 existimem,
619 3199 766 3264 Muretus
798 3203 909 3264 noster
945 3199 1041 3264 testis
1079 3204 1139 3264 est.

120 3311 208 3370 nam,
241 3308 314 3351 cum
346 3285 386 3349 ad
417 3307 468 3349 me
501 3290 629 3371 octauo,
667 3288 796 3372 opinor,
833 3287 952 3352 abhinc
984 3308 1070 3353 anno
1103 3288 1139 3352 in

120 3377 254 3442 ludecae
274 3375 460 3440 suburbano
479 3373 691 3447 habitantem.
709 3377 858 3462 ignotum
877 3379 972 3440 antea
988 3376 1028 3441 de
1046 3377 1139 3462 facie,

81 3488 108 3528 so
120 3463 305 3530 uoluntario
326 3463 481 3528 adductus
500 3463 607 3528 officio
627 3464 768 3552 adiisses,
786 3464 1022 3530 humanitatem
1041 3463 1140 3529 simul
