2452 3862
160 203 224 268 154
441 201 562 257 LXXVI.
591 199 709 256 Camillo
727 199 884 258 Palaeotto.

158 370 265 433 totum
288 364 426 430 confero.
472 386 570 448 quare
594 385 613 429 a
635 367 668 428 te
691 367 782 450 peto,
811 367 849 428 ut
870 364 995 430 habeas
1017 366 1182 434 rationem

160 461 192 520 et
227 453 423 520 ualetudinis
460 457 492 518 et
529 452 751 537 occupationis
785 475 884 518 meae.
935 452 1026 541 Ego,
1064 461 1183 540 postea

161 566 258 628 quam
280 543 315 606 in
338 542 478 627 patriam
500 542 620 607 reuerti
642 542 849 629 negotiorum
875 542 1107 629 magnitudine
1131 546 1178 610 de

159 633 328 718 fatigatus,
352 635 457 696 aetate
480 631 579 696 etiam
601 630 798 718 admonitus,
821 634 854 696 et
875 629 1037 697 Venusini
1061 638 1180 718 poetae

133 742 269 806 cuersu,
298 719 395 788 Solue
423 724 641 786 senescentem
663 723 789 785 mature
812 740 909 784 sanus
933 742 1072 809 equum,
1100 721 1180 788 mibi

161 814 193 874 et
219 809 322 874 Musis
352 811 520 876 dumtaxat
547 809 657 874 uiuere
685 808 848 874 constitui.
897 808 1006 876 nullas
1034 811 1178 914 suscipio

160 920 265 983 curae,
296 898 360 962 nisi
391 921 471 982 quas
500 919 608 962 rerum
637 897 884 963 domesticarum
912 898 1095 965 necessitas
1124 919 1181 966 im·

160 987 262 1072 ponit.
298 1009 401 1052 nouas
419 987 576 1052 amicitias
594 1008 661 1052 non
680 990 825 1072 expecto,
848 987 1018 1053 ueteribus
1036 988 1181 1055 colendis

161 1097 292 1160 operam
323 1097 390 1140 non
419 1076 474 1162 do,
506 1098 579 1139 cum
610 1097 711 1140 uxore
742 1075 920 1160 liberisque
952 1077 1179 1142 suauissimam

121 1190 146 1229 10
160 1165 262 1229 uitam
286 1164 376 1229 duco.
421 1164 475 1228 hic
498 1164 584 1229 enirn
607 1164 688 1251 dies,
715 1167 753 1228 ut
780 1163 835 1228 ille
862 1164 922 1251 ait,
951 1163 1036 1230 alios
1064 1187 1181 1252 meree,

161 1254 257 1319 aliam
285 1253 387 1318 uitam
414 1253 568 1338 postulat.
614 1252 789 1318 amicorum
819 1252 914 1337 eopia
941 1253 1022 1337 quid
1049 1258 1181 1338 praeter

161 1342 343 1407 molestiam
372 1342 505 1429 habeat,
536 1363 602 1407 non
631 1341 735 1406 uideo.
782 1341 810 1406 si
840 1341 914 1426 quis
943 1341 1040 1407 aliter
1071 1342 1180 1427 sentit,

162 1432 323 1496 arbitratu
345 1431 416 1516 ipse
440 1453 498 1496 suo
521 1431 627 1495 uiuat:
651 1452 712 1517 ego
735 1430 821 1495 malo
844 1430 925 1495 mihi
948 1453 1065 1515 sapere
1085 1453 1177 1517 quam

161 1521 242 1585 aliis.
287 1520 337 1585 De
360 1542 461 1585 uxore
484 1517 554 1584 a'te
578 1521 682 1606 ducta,
705 1518 743 1584 de
763 1519 923 1603 susceptis
945 1519 1063 1585 liberis
1086 1520 1179 1585 uelde

123 1632 148 1672 15
163 1609 225 1673 tibi
249 1608 403 1695 gratulor.
448 1631 523 1673 nam
547 1608 608 1673 etsi
637 1630 718 1673 onus
748 1608 880 1672 alendae
907 1607 1050 1672 familiae
1080 1608 1178 1674 duris·

163 1698 253 1763 simis
276 1697 487 1784 temporibus,
509 1719 628 1785 magna
650 1719 758 1763 rerum
776 1697 921 1762 omnium
939 1696 1087 1783 caritate,
1109 1719 1178 1782 per·

164 1808 262 1869 quam
284 1808 384 1871 graue
408 1808 477 1850 esse
495 1809 562 1850 non
579 1786 705 1873 ignoro,
727 1789 760 1850 te
778 1789 897 1872 tamen,
918 1784 1028 1851 uirum
1045 1786 1178 1871 bonum,

161 1874 304 1957 peritum
336 1873 532 1956 optimarum
562 1875 694 1959 artium,
726 1878 783 1939 tua
814 1873 920 1939 uirtus
952 1897 992 1939 ex
1027 1875 1181 1940 omnibus

160 1960 372 2024 incommodis
399 1982 436 2024 ac
459 1961 708 2028 difficultatibus
731 1962 861 2047 eripiet,
887 1962 1057 2048 aderitque
1080 1963 1176 2048 Deus,

120 2075 146 2113 co
161 2049 252 2113 cuius
272 2048 389 2113 eximia
408 2049 594 2137 benignitas
612 2052 786 2136 praeclaris
805 2052 975 2116 conatibus
990 2057 1024 2117 et
1043 2050 1177 2137 optimis

161 2137 277 2203 studiis
295 2139 404 2292 deepxsxe
423 2161 600 2223 numquam
618 2140 710 2206 solet.
746 2139 836 2206 Vale.
872 2139 1030 2225 Venetiis‚
1048 2141 1089 2206 X.
1107 2137 1177 2206 Kal

160 2227 226 2294 lan.
249 2228 342 2293 MDL
405 2279 411 2292 .

599 2562 741 2629 LXXVI.

283 2700 446 2768 Camillo
474 2701 679 2769 Palaeotto
707 2704 920 2770 Bononiam
943 2713 1059 2783 (X1‚3).
1180 2757 1183 2761 .

249 2844 353 2911 Valde
383 2845 499 2910 accidit
529 2867 596 2912 non
626 2868 701 2911 sane
732 2851 844 2912 contra
871 2846 1093 2934 uoluntatem,
1124 2846 1180 2912 sed

122 2956 149 2997 ao
162 2939 248 3000 certe
285 2938 414 3020 praeter
449 2935 635 3020 opinionem
666 2957 785 3022 meam,
821 2940 858 3000 ut
894 2933 1071 3000 Mediolani
1108 2957 1179 3000 con·

163 3025 318 3088 sisterem.
360 3024 406 3089 sic
425 3029 501 3089 sunt
519 3024 668 3089 humana.
704 3024 838 3089 consilia
855 3028 967 3089 nostra
985 3023 1183 3108 plerumque

162 3111 255 3196 ratio,
278 3133 371 3177 casus
393 3113 556 3178 interdum
579 3116 612 3177 et
635 3113 766 3177 fortuna
788 3114 981 3178 moderatur.
1022 3113 1098 3199 Ego
1121 3112 1183 3178 Ge·

161 3221 260 3263 nuam
283 3222 321 3264 ee
343 3201 549 3284 potissimum
573 3223 684 3266 caussa
707 3202 875 3289 petebam,
899 3205 937 3266 ut
959 3201 1086 3267 uillulis
1109 3200 1183 3286 pul·

163 3287 343 3375 cherrimis,
375 3289 514 3354 iucundo
547 3289 666 3374 placidi
697 3290 796 3354 maris
824 3291 981 3375 adspectu
1012 3294 1059 3377 et,
1093 3289 1182 3374 quod

121 3400 149 3440 ao
163 3377 197 3441 in
225 3376 340 3462 primis
366 3377 519 3442 ualetudo
547 3401 620 3442 mea
646 3378 796 3464 requirit,
825 3401 926 3445 uerno
955 3379 1044 3445 caelo
1072 3379 1183 3444 hieme

233 3578 253 3628 5
278 3574 373 3634 ‘solue
394 3574 612 3633 senescentem'
632 3571 707 3629 Bor.
725 3587 773 3640 ep.
785 3571 858 3640 la„
870 3574 900 3620 t-
