2452 3862
126 155 190 221 168
396 152 546 209 LXXXVI.
569 151 688 208 Camillo
705 151 838 208 Palaeott
857 195 863 208 .

545 382 717 450 LXXXVI.

245 523 407 592 Camillo
430 525 634 591 Palaeotto
657 524 871 590 Bononiam
894 534 970 603 (XII,
986 535 1020 601 1).

211 667 291 732 Post
319 689 452 753 grauem
479 667 579 732 trium
602 666 669 731 fere
691 666 851 731 mensium
878 666 1030 730 morbum
1051 688 1131 731 nunc

124 757 261 840 denique
298 755 414 840 incipit
449 777 519 820 esse
549 742 631 818 mihi
667 755 778 838 paullo
817 754 1025 819 commodius.
1077 777 1132 819 nec

95 850 231 910 stamen
253 845 358 908 adhuc
384 844 438 908 uel
465 866 517 931 ec,
545 865 609 928 quo
637 843 796 930 solebam,
825 844 991 908 stomacho
1015 844 1069 907 uel
1091 844 1131 908 ita

121 934 215 998 firmo
237 936 313 997 utor
332 931 446 1016 capite,
468 936 506 997 ut
525 931 688 1018 cogitandi
711 931 883 996 autetiam
902 932 1033 1018 legendi
1050 933 1132 996 labo·

122 1044 191 1086 rem
213 1021 396 1085 sustineam.
424 1019 561 1106 gradum
579 1041 656 1084 uero
678 1021 783 1084 facere
806 1019 875 1085 sine
898 1042 995 1084 sensu
1019 1019 1133 1085 doloris

122 1113 234 1194 aperto
257 1131 363 1193 nuper
386 1108 556 1173 educendis
578 1108 770 1173 humoribus
796 1109 889 1173 laeuo
918 1131 1010 1173 crure
1033 1129 1131 1192 neque

123 1199 198 1263 dum
227 1219 360 1282 possum
387 1200 420 1261 et
448 1196 557 1261 conari
580 1219 692 1283 supra,
719 1218 817 1279 quam
844 1196 929 1261 uires
961 1197 1131 1282 patiantur,

82 1309 109 1348 10
121 1310 186 1351 non
210 1287 320 1350 audeo.
367 1306 448 1368 quae
472 1285 624 1369 quoniam
646 1285 716 1349 fieri
740 1284 884 1370 quotidie
911 1285 1044 1350 mitiora
1070 1307 1134 1350 sen-

121 1376 178 1460 tic,
201 1375 343 1458 aliquam
365 1373 400 1437 in
423 1373 533 1438 dolore
551 1373 755 1457 uoluptatem
774 1373 876 1458 capio,
899 1395 973 1438 cum
996 1395 1133 1457 praeser-

121 1464 182 1527 tim
209 1485 313 1547 prope
341 1462 579 1527 anniuersarias
605 1461 710 1526 hostis
736 1461 933 1526 ualetudinis
956 1484 1047 1527 meae
1074 1463 1134 1526 iam

122 1552 240 1616 abierit
263 1554 445 1615 autumnus.
491 1550 579 1615 Oleis
601 1551 680 1636 tuis,
703 1550 823 1635 quibus
845 1572 911 1635 me,
934 1571 1135 1634 quocumque

121 1640 193 1705 loco
216 1640 286 1724 sim,
309 1661 415 1704 carere
438 1661 504 1704 non
527 1639 664 1725 pateris,
686 1639 721 1703 in
743 1660 807 1722 quo
831 1643 922 1703 tuam
945 1639 1135 1704 beneuolen-

82 1749 107 1788 15
121 1729 201 1792 tiam
225 1750 375 1814 agnosco,
397 1728 487 1792 fruar
509 1749 583 1793 cum
605 1727 673 1791 filia
695 1732 728 1792 et
751 1749 879 1814 genero.
925 1727 1025 1791 simul
1052 1728 1134 1792 enim

121 1817 263 1881 uiuimus
293 1820 326 1880 et
356 1816 452 1898 plane
482 1815 632 1881 uiuimus.
683 1838 744 1903 ego
776 1819 885 1880 autem
917 1837 1029 1902 parce,
1062 1815 1135 1900 quia

121 1904 264 1968 nondum
291 1904 403 1966 firmus
430 1903 622 1968 offensiones
650 1904 748 1969 etiam
774 1904 924 1969 minimas
952 1905 1135 1987 extimesco,

121 1991 170 2055 illi
194 1991 363 2054 comedent
390 1991 538 2077 liberine,
566 1993 643 2076 quia
673 1998 759 2058 recte
782 1993 893 2057 ualent
914 2015 974 2058 nec
997 1993 1033 2058 in
1056 1993 1137 2060 cibis

121 2081 196 2164 plus
214 2079 321 2144 minus
344 2102 385 2144 ua
408 2079 592 2145 diiudicant.
634 2081 683 2146 De
706 2081 848 2165 meipso
873 2081 953 2145 dixi:
977 2081 1017 2146 de
1040 2083 1136 2147 rebus

80 2169 201 2236 romeis
225 2169 311 2254 quod
335 2169 418 2252 <ad>
442 2174 475 2234 te
499 2169 681 2255 scriberem,
702 2170 781 2235 noui
799 2169 882 2234 nihil
905 2173 983 2235 erat.
1022 2169 1137 2235 Omnia

120 2259 187 2323 fere
210 2262 286 2324 sunt
309 2258 428 2344 eadem,
451 2280 532 2342 quac
556 2263 659 2344 antea,
681 2258 784 2322 hilara
807 2259 886 2323 satis
914 2263 947 2322 et
970 2280 1136 2343 prospera.

121 2347 229 2431 ampla
250 2369 316 2412 non
339 2346 485 2430 dixerim,
506 2369 547 2410 ne
566 2346 711 2411 mentiar.
749 2368 943 2432 quamquam
962 2347 1026 2412 hoc
1044 2346 1135 2434 uulgi

120 2457 209 2500 more
240 2436 364 2518 loquor.
409 2457 485 2499 nam
509 2435 536 2499 si
559 2435 668 2518 ampla
691 2439 766 2499 sunt
790 2457 841 2519 ea,
872 2435 991 2519 quibus
1015 2436 1137 2501 maiora

119 2545 186 2586 non
208 2523 404 2606 expetimus,
432 2522 641 2605 amplissimis
665 2523 784 2606 opibus
807 2525 905 2588 fruor.
941 2523 1028 2588 nihil
1051 2525 1137 2589 enim

80 2630 107 2670 ss
121 2611 219 2694 deest,
247 2611 335 2693 quod
356 2614 473 2673 natura
496 2611 667 2696 desideret3
691 2612 778 2696 quod
800 2617 908 2677 autem
930 2617 1049 2677 natura
1070 2635 1137 2678 non

121 2699 292 2784 desiderat,
317 2698 430 2763 abesse
453 2699 547 2764 facile
570 2700 686 2784 patior.
731 2699 821 2766 Vale.
844 2701 966 2766 Romae
994 2701 1037 2765 id.
1061 2702 1139 2766 Dec.

119 2787 329 2853 MDLXXHI.

209 2986 243 3036 20
262 2981 342 3054 (ad)
362 2981 442 3036 deest
458 2979 489 3036 in
507 2980 631 3035 editione
649 2979 716 3033 anni
736 2985 813 3036 1580.

531 3225 722 3248 —ss-
